3114 4896
173 1031 434 1125 CLEMENTIS
460 1033 526 1124 EX
551 1032 690 1124 PETRI
715 1033 855 1126 INTER
879 1033 1281 1128 PEREGRINANDUM

383 1185 838 1281 PRAEDIOATIONIBUS
857 1189 1072 1282 llPlTOMll.

650 1416 801 1423 ———-—-—

207 1541 341 1597 Clemens
354 1542 459 1598 Iacobo
473 1543 585 1598 domino
599 1549 628 1597 et
641 1543 776 1614 episcopo
789 1549 818 1597 et
836 1543 1032 1623 episcoporum
1049 1545 1145 1615 cpisco
1167 1563 1183 1600 o
1199 1547 1313 1617 regenti

136 1610 357 1681 Hierosolymae
376 1618 505 1666 sanctam
523 1611 746 1666 Christianorum
764 1612 916 1666 ecclesiam
934 1619 1018 1682 atque
1032 1564 1207 1666 Christibei
1223 1615 1312 1667 nostri

137 1678 293 1744 ecclesias,
311 1696 383 1748 quae
395 1679 501 1750 ubique
514 1679 572 1732 Dei
582 1679 762 1750 providentia
793 1681 918 1734 raeelare
931 1679 1066 1734 fundatae
1080 1687 1158 1747 sunt,
1175 1699 1232 1736 una
1249 1699 1312 1736 cum

136 1747 317 1818 presbyteris
336 1754 364 1801 et
382 1747 511 1802 diaconis
529 1753 558 1802 et
575 1747 678 1802 ceteris
695 1699 825 1802 omnibus
842 1748 980 1802 fratribus
993 1767 1050 1820 pax
1066 1749 1104 1802 sit
1122 1765 1238 1820 semper.

208 1865 230 1916 Ι.
254 1866 361 1921 Notum
373 1865 428 1920 tibi
441 1865 492 1932 sit,
511 1865 624 1920 domine
636 1866 688 1932 mi,
706 1866 781 1936 quod
794 1883 848 1938 ego
862 1865 1008 1934 Clemens,
1025 1867 1072 1938 qui
1085 1867 1156 1921 civis
1168 1868 1311 1924 Romanus

138 1951 202 1985 sum
220 1939 250 1986 et
266 1933 386 2003 primam
402 1933 479 1988 vitae
497 1939 621 1988 aetatem
637 1935 741 2004 pudice
758 1952 792 1989 ac
810 1935 954 1990 moderate
966 1936 1125 2008 transigere
1138 1936 1228 2004 valui,
1249 1955 1312 1990 cum

137 2000 233 2054 animo
250 2001 442 2070 percepissem
460 2001 678 2073 cogitationem,
697 2011 769 2072 quac
786 2002 883 2057 nescio
899 2004 975 2057 unde
989 2003 1018 2057 in
1030 2021 1074 2057 me
1090 2003 1241 2074 irrepserat
1254 2022 1312 2059 cre-

137 2068 261 2138 brasque
274 2068 345 2122 mihi
358 2069 392 2123 de
404 2075 493 2124 morte
512 2069 764 2124 commentationes
781 2071 924 2140 pariebat,
942 2089 1005 2125 cum
1018 2072 1162 2126 laboribus
1176 2077 1204 2125 et
1217 2073 1312 2128 anxie·

136 2137 249 2190 tatibus
270 2137 408 2191 vivebam.
444 2137 624 2208 Reputabanr
648 2137 738 2204 enim,
764 2155 830 2192 num
855 2157 918 2192 cum
941 2145 1066 2193 mortuus
1087 2139 1166 2194 fuero
1188 2158 1245 2194 non
1265 2158 1312 2194 ero

137 2205 292 2274 nullusque
316 2205 370 2259 erit
393 2223 531 2276 unquam,
556 2206 604 2275 qui
627 2205 683 2260 mei
708 2206 880 2262 mentionem
903 2207 1004 2275 faciat,
1031 2214 1158 2279 tempore
1180 2208 1312 2262 nimirum

139 2356 416 2430 ἔπισκόπουῬώμης,
427 2361 617 2430 μαδητοῦτοῦ
622 2357 704 2431 ἁγίου
746 2365 786 2414 vel
803 2361 962 2434 ἐπιδημιτόν
975 2359 1159 2434 κηρυγμάτων
1174 2381 1198 2430 p.
1212 2363 1310 2430 ἐπιδη-

137 2425 302 2482 ἀποστόλου
330 2432 450 2501 Πέτρου.
488 2433 626 2480 θοττίινίιιε.
663 2433 704 2480 Ex
746 2429 820 2501 μιδν
839 2448 882 2492 τε,
903 2433 948 2482 καὶ
975 2427 1158 2501 κηρυγμάτων
1179 2432 1223 2481 alii
1245 2432 1312 2498 apud

139 2498 288 2561 Codicibus,
302 2499 465 2563 quibususus
478 2515 546 2561 sum,
559 2498 703 2564 inscriptio·
748 2495 908 2565 Ootelerium)
932 2499 983 2548 τοῦ
998 2499 1080 2566 ἁγίου
1098 2503 1143 2550 καὶ
1155 2501 1311 2568 κορυφαίου
1341 2552 1342 2558 ,

139 2583 197 2616 nem
217 2567 312 2616 hancce
333 2566 434 2615 rubram
457 2566 484 2616 in
508 2567 590 2616 fronte
614 2569 706 2629 gerunt
748 2560 989 2634 τῶνὶάποστόλων
1008 2567 1119 2633 Πέτρου
1135 2561 1269 2636 ἐπιτομὴ,
1283 2564 1312 2618 ἐν

138 2636 162 2684 A
179 2636 213 2682 B:
240 2629 405 2702 Κλήμεντος
423 2629 582 2685 ἐπισκόπου
603 2628 704 2705 ῥώμης.
747 2622 1011 2705 ᾗ(αἱςυ1.υρ.ὒολ,)
1036 2637 1081 2685 καλ
1099 2629 1114 2683 ὁ
1133 2631 1312 2701 αὐτοῦ.συμ-

140 2697 247 2767 ῖακιόβηι
266 2696 413 2768 ἐπισκόπῳ
432 2696 623 2770 ίεροσολόμων
641 2703 706 2767 περὶ
749 2703 944 2768 περιείληπται
976 2705 1047 2768 βίος,
1077 2697 1149 2771 πρὸς
1186 2695 1313 2768 Ἰάκωβον

140 2767 198 2821 τῶν
210 2763 337 2838 πράξεων
347 2772 393 2821 καὶ
404 2763 547 2839 περιόδων
565 2769 615 2819 τοῦ
626 2763 706 2836 ἁγίου
749 2769 907 2822 ἐπίσκοπον
928 2764 1137 2839 Ἱεροσολύμων,
1167 2769 1268 2820 omnino
1290 2772 1312 2821 is

139 2840 187 2889 καὶ
207 2841 364 2906 κορυφαίου
386 2837 441 2889 τῶν
462 2831 629 2890 ἀποστόλων
650 2838 706 2888 Πέ-
749 2838 941 2905 postremissimi
970 2839 1158 2906 interpolatoris
1180 2853 1243 2904 opus
1267 2843 1312 2888 est.

140 2922 217 2974 τρου.
239 2899 361 2963 αἰςκαὶὸ
376 2901 470 2956 αὐτοῦ.
490 2907 707 2973 συνπεριλείπτη
751 2907 872 2958 Omnibus
884 2911 995 2974 praestat
1007 2908 1112 2974 simplex
1127 2906 1226 2958 Codicis
1238 2907 1261 2956 D
1273 2906 1312 2956 in-

140 2973 171 3032 (B
188 2967 203 3023 ὁ
220 2969 304 3030 αὐτὸς
324 2973 528 3040 περιείληπται)
544 2975 611 3038 βίος.
633 2967 706 3038 Κλή-
750 2975 853 3041 scriptio
874 2971 1036 3043 Κλήμεντος
1054 2974 1110 3026 τῶν
1126 2977 1236 3048 Πέτρου
1249 2973 1312 3024 ἐπι-

138 3039 593 3110 μεντοςτῶνΠέτρουέπιδημιῶν
606 3057 706 3107 κηρυγ-
750 3041 861 3114 δημιιόν
882 3039 1066 3112 κηρυγμάτων
1089 3040 1226 3112 ἐπιτομὴ,
1250 3058 1313 3106 quae

138 3103 239 3178 μάτων
248 3103 377 3177 ἔπιτομή·
388 3101 706 3175 ΟεΚλήμεντοςέπισκό-
750 3117 787 3160 est
808 3116 833 3160 et
849 3111 1017 3162 Homiliarum
1040 3115 1065 3161 et
1080 3111 1213 3176 Epitomes
1229 3125 1313 3160 aarum

139 3193 206 3226 που.
228 3170 331 3243 Ῥώμης
343 3171 449 3242 ἰακιόβῳ
466 3169 613 3242 ἔπισκόπῳ
633 3177 706 3245 ἱερο-
748 3179 891 3244 prolixioris
915 3195 930 3228 a
952 3180 1024 3229 nobis
1047 3179 1155 3246 primum
1176 3178 1313 3240 evulgatae,

140 3237 273 3312 σολόμων
285 3246 350 3313 περὶ
363 3242 418 3296 τῶν
428 3238 553 3311 πράξεων
567 3247 613 3294 καὶ
625 3261 706 3312 περι·
749 3261 870 3311 quamque
877 3247 1088 3312 expressimus-
1097 3241 1125 3312 2)
1133 3245 1313 3294 Salutationem

140 3306 217 3362 όδων
235 3311 287 3362 τοῦ
306 3308 386 3379 ἁγίου
403 3313 449 3364 καλ
469 3315 624 3380 κορυφαίου
650 3311 706 3364 τῶν
747 3313 871 3376 integram
890 3329 981 3378 sexque
1001 3315 1085 3378 priora
1110 3313 1186 3377 primi
1209 3312 1314 3377 capituli

139 3374 310 3431 ἀποστόλων
327 3381 438 3450 Πέτρου
460 3381 503 3436 αἱς
523 3381 568 3430 καὶ
588 3377 602 3430 ὃ
621 3377 707 3431 αὐτοῦ
748 3381 870 3430 vocabula
886 3385 972 3429 auctor
985 3379 1128 3444 Epitomes,
1145 3379 1226 3441 qualis
1246 3393 1313 3426 nnnc

140 3449 395 3516 συμπεριείληπται
412 3449 485 3514 βίος
504 3441 568 3512 ήτοι
588 3442 705 3516 κλήμεν-
749 3452 798 3509 ert,
816 3463 845 3495 ex
863 3447 980 3512 Epistola
997 3444 1131 3495 Clementis
1148 3444 1179 3492 ad
1196 3444 1313 3494 Iacobum

140 3532 190 3572 τος
204 3513 260 3566 τῶν
275 3518 380 3584 πέτρου
393 3513 552 3586 έπιδημιῶν
565 3510 705 3588 κηρυγμόι-
748 3514 868 3564 Homiliis
877 3513 986 3580 praefixa
994 3514 1042 3562 huo
1052 3511 1188 3562 transtulit.
1199 3537 1233 3545 —
1244 3505 1272 3576 3)
1284 3509 1314 3562 ἐν

138 3597 197 3633 των
211 3579 398 3650 &alroppa-l·
414 3583 483 3640 Quae
496 3583 594 3647 quidem
607 3589 705 3634 nostro·
749 3582 854 3633 accessit
865 3597 895 3632 cx
906 3582 956 3645 BG,
969 3581 1013 3631 ubi
1025 3585 1074 3631 est:
1094 3575 1241 3645 ἔπισκόπῳ
1255 3577 1313 3630 διέ-

138 3667 194 3699 rum
212 3651 291 3700 trium
308 3650 384 3701 Codd.
402 3645 537 3715 (uniusque
556 3652 623 3718 apud
632 3652 705 3702 (lote-
750 3667 835 3703 ποντι
846 3648 876 3701 δὲ
887 3645 937 3715 τὴν
949 3649 979 3702 ἐν
989 3642 1157 3720 ίερουσαλήμ
1168 3644 1249 3716 ἁγίαν
1259 3645 1314 3700 τῶν

137 3715 242 3784 lerium)
272 3733 332 3784 prae
362 3718 435 3768 editis
468 3719 549 3768 titulis
572 3720 628 3786 ipsa
652 3736 705 3769 sese
744 3717 918 3786 χριστιυνών
931 3717 1075 3783 ἐκκλησίαν
1090 3719 1135 3768 καὶ
1149 3713 1195 3774 τὰς
1208 3733 1313 3768 παντα-

138 3785 297 3834 commendat
309 3785 448 3852 inscriptio.
470 3786 573 3836 Constat
581 3792 664 3836 autem
676 3802 705 3836 ex
744 3787 783 3855 γᾷ
794 3787 850 3838 κτλ.
870 3787 935 3835 sicut
950 3785 978 3836 in
991 3788 1023 3837 al.
1036 3802 1076 3852 ap.
1087 3786 1141 3837 Oct.
1155 3791 1206 3836 eta
1226 3783 1314 3834 aufi-

137 3853 235 3902 duabus
249 3853 377 3919 partibus,
397 3869 501 3917 quarum
513 3854 582 3920 prior
594 3853 705 3921 interpo-
748 3871 820 3914 nunu
860 3848 1007 3920 ἐπισκόπω
1040 3853 1171 3906 διέποντι
1202 3802 1233 3904 dl
1264 3847 1315 3915 τήν

138 3921 227 3970 latoris
249 3926 300 3983 est,
321 3915 705 3990 ιΙιοτυ(κλήμεντοςτῶνπέ-
749 3916 917 3992 ίερουσαλὴμ
945 3917 1027 3990 ἁγίαν
1062 3922 1118 3974 τῶν
1141 3920 1315 3991 χριστιανοῖν

139 3987 469 4067 τρουέπιδημιτῦνκηρυγ
493 3984 705 4059 άτωνέπιτομη)
749 3985 898 4058 (Ἑβραίων
909 3991 958 4055 Ep.
969 3991 1046 4040 Clem.
1056 3989 1087 4038 ad
1095 3986 1158 4055 Iac.)
1174 3987 1315 4050 ἐκκλησίαν

137 4055 298 4120 antiquitatis
309 4055 414 4120 vestigia
422 4072 449 4106 m
471 4064 543 4107 ronte
553 4056 608 4106 fert.
628 4057 708 4113 Quem
750 4059 795 4108 καὶ
808 4051 855 4114 τὰς
868 4057 995 4124 πανταχῆ
1006 4057 1063 4108 κτλ.
1075 4059 1098 4106 A
1111 4060 1136 4105 et
1147 4052 1315 4104 Homiliarum

137 4123 216 4172 Andr.
230 4123 372 4186 Turnebus,
384 4124 480 4192 primus
492 4124 567 4174 huius
576 4124 707 4190 Epitomes
750 4123 866 4190 Epistola
878 4125 954 4175 Glem.
972 4125 1003 4174 ad
1014 4125 1146 4183 Iacobum,
1165 4113 1314 4184 ἐπισκόπῳ

139 4191 234 4254 editor,
252 4195 311 4258 post
326 4207 382 4240 eum
399 4191 536 4242 Ootelerius
555 4196 580 4242 et
596 4192 707 4242 Clericus
751 4189 883 4244 διέποντι
903 4188 953 4256 τὴν
971 4184 1141 4260 ἱερουσαλήμ
1159 4185 1240 4255 ἁγίαν
1258 4185 1315 4239 τῶν

103 4265 105 4268 ’
140 4259 307 4322 evulgarunt:
348 4253 512 4328 Κλήμεντος
547 4255 707 4311 ἐπισκόπου
745 4258 917 4326 χριστιανιῦν
930 4257 1073 4322 ἐκκλησίαν
1086 4259 1131 4308 καὶ
1148 4251 1195 4314 τὰς
1208 4271 1314 4307 παντα-

137 4321 243 4396 Ῥώμης
254 4328 320 4396 περὶ
333 4325 389 4379 τῶν
399 4323 534 4394 πράξεων,
548 4325 707 4397 ἔπιδημιιῦν
745 4328 784 4395 χῆ
795 4328 852 4377 κτλ.
864 4327 887 4375 D
900 4330 924 4376 et
936 4329 1022 4375 nostra
1033 4325 1102 4390 Epit.
1116 4352 1150 4360 -
1170 4319 1198 4391 4)
1218 4322 1314 4388 ἱδρυν-

142 4409 187 4454 τε,
214 4395 259 4446 καὶ
280 4389 465 4465 κηρυγμάτων
485 4391 541 4463 (καὶ
565 4391 707 4462 περιόδων
750 4399 847 4451 δείσας
858 4395 902 4442 AB
915 4397 940 4442 et
951 4392 982 4441 sl.
996 4408 1034 4458 ap.
1048 4393 1102 4468 Cot.
1116 4421 1148 4428 -
1165 4388 1192 4459 5)
1206 4395 1251 4444 καὶ
1264 4408 1313 4441 om.

1113 4476 1142 4514 τε
1343 4473 1348 4484 ·
