<?xml version="1.0" encoding="UTF-8"?>
<!DOCTYPE html PUBLIC "-//W3C//DTD XHTML 1.0 Transitional//EN"
    "http://www.w3.org/TR/xhtml1/DTD/xhtml1-transitional.dtd">
<html xmlns="http://www.w3.org/1999/xhtml" xml:lang="en" lang="en">
 <head>
  <title>
</title>
<meta http-equiv="Content-Type" content="text/html;charset=utf-8" />
  <meta name='ocr-system' content='tesseract 3.04.00' />
  <meta name='ocr-capabilities' content='ocr_page ocr_carea ocr_par ocr_line ocrx_word'/>
</head>
<body>
  <div class='ocr_page' id='page_1' title='image "./clementinorumep00dresgoog_0320.png"; bbox 0 0 3162 4900; ppageno 0'>
   <div class='ocr_carea' id='block_1_1' title="bbox 385 309 1350 378">
    <p class='ocr_par' dir='ltr' id='par_1_1' title="bbox 385 309 1350 378">
     <span class='ocr_line' id='line_1_1' title="bbox 385 309 1350 378; baseline 0.001 -9"><span class='ocrx_word' id='word_1_1' title='bbox 385 323 430 369; x_wconf 76' lang='lat' dir='ltr'>au</span> <span class='ocrx_word' id='word_1_2' title='bbox 444 315 641 373; x_wconf 77' lang='lat' dir='ltr'>ctuuuums</span> <span class='ocrx_word' id='word_1_3' title='bbox 654 323 736 372; x_wconf 81' lang='lat' dir='ltr'>rou.</span> <span class='ocrx_word' id='word_1_4' title='bbox 750 323 843 378; x_wconf 80' lang='lat' dir='ltr'>cusu</span> <span class='ocrx_word' id='word_1_5' title='bbox 856 324 932 372; x_wconf 81' lang='lat' dir='ltr'>rna.</span> <span class='ocrx_word' id='word_1_6' title='bbox 945 323 1121 372; x_wconf 71' lang='lat' dir='ltr'>nouimus.</span> <span class='ocrx_word' id='word_1_7' title='bbox 1288 309 1350 371; x_wconf 77' lang='lat'>‘299</span> 
     </span>
    </p>
   </div>
   <div class='ocr_carea' id='block_1_2' title="bbox 167 462 1351 1216">
    <p class='ocr_par' dir='ltr' id='par_1_2' title="bbox 167 462 1351 1216">
     <span class='ocr_line' id='line_1_2' title="bbox 170 462 1349 558; baseline 0.003 -37"><span class='ocrx_word' id='word_1_8' title='bbox 170 486 187 521; x_wconf 91' lang='lat' dir='ltr'>a</span> <span class='ocrx_word' id='word_1_9' title='bbox 201 467 296 521; x_wconf 87' lang='lat' dir='ltr'>ventis</span> <span class='ocrx_word' id='word_1_10' title='bbox 308 472 418 534; x_wconf 85' lang='lat' dir='ltr'>tutus“,</span> <span class='ocrx_word' id='word_1_11' title='bbox 456 468 556 535; x_wconf 79' lang='grc' dir='ltr'><em>αληνὸς</em></span> <span class='ocrx_word' id='word_1_12' title='bbox 573 467 673 532; x_wconf 80' lang='grc' dir='ltr'><em>τόπος,</em></span> <span class='ocrx_word' id='word_1_13' title='bbox 686 475 718 522; x_wconf 90' lang='lat' dir='ltr'>ut</span> <span class='ocrx_word' id='word_1_14' title='bbox 730 469 891 538; x_wconf 88' lang='lat' dir='ltr'>appellatur</span> <span class='ocrx_word' id='word_1_15' title='bbox 905 488 930 523; x_wconf 82' lang='lat' dir='ltr'>v.</span> <span class='ocrx_word' id='word_1_16' title='bbox 949 472 981 523; x_wconf 83' lang='lat'>15</span> <span class='ocrx_word' id='word_1_17' title='bbox 995 486 1034 538; x_wconf 93' lang='lat' dir='ltr'>sq.</span> <span class='ocrx_word' id='word_1_18' title='bbox 1056 469 1262 532; x_wconf 81' lang='grc' dir='ltr'><em>Άκατάσκοπος</em></span> <span class='ocrx_word' id='word_1_19' title='bbox 1273 462 1349 558; x_wconf 88' lang='lat' dir='ltr'>apud</span> 
     </span>
     <span class='ocr_line' id='line_1_3' title="bbox 169 534 1349 606; baseline 0.005 -18"><span class='ocrx_word' id='word_1_20' title='bbox 169 534 345 588; x_wconf 79' lang='lat' dir='ltr'><strong>Clementem</strong></span> <span class='ocrx_word' id='word_1_21' title='bbox 363 535 422 588; x_wconf 91' lang='lat' dir='ltr'>Pae</span> <span class='ocrx_word' id='word_1_22' title='bbox 445 576 450 584; x_wconf 92' lang='lat'>.</span> <span class='ocrx_word' id='word_1_23' title='bbox 469 537 522 600; x_wconf 86' lang='grc' dir='ltr'><strong>ΙΙΙ,</strong></span> <span class='ocrx_word' id='word_1_24' title='bbox 539 553 565 604; x_wconf 89' lang='lat' dir='ltr'>p.</span> <span class='ocrx_word' id='word_1_25' title='bbox 584 536 635 588; x_wconf 75' lang='lat'>256</span> <span class='ocrx_word' id='word_1_26' title='bbox 651 535 678 588; x_wconf 90' lang='lat' dir='ltr'>A</span> <span class='ocrx_word' id='word_1_27' title='bbox 694 542 739 590; x_wconf 89' lang='lat' dir='ltr'>est</span> <span class='ocrx_word' id='word_1_28' title='bbox 757 536 812 603; x_wconf 90' lang='lat' dir='ltr'>„ab</span> <span class='ocrx_word' id='word_1_29' title='bbox 836 536 1060 606; x_wconf 78' lang='lat' dir='ltr'>exploratoribus</span> <span class='ocrx_word' id='word_1_30' title='bbox 1077 542 1184 592; x_wconf 86' lang='lat' dir='ltr'>tutus“.</span> <span class='ocrx_word' id='word_1_31' title='bbox 1219 539 1264 593; x_wconf 83' lang='grc' dir='ltr'><em>Ἐν</em></span> <span class='ocrx_word' id='word_1_32' title='bbox 1283 561 1349 594; x_wconf 81' lang='grc' dir='ltr'><em>ανα-</em></span> 
     </span>
     <span class='ocr_line' id='line_1_4' title="bbox 168 602 1349 698; baseline 0.002 -41"><span class='ocrx_word' id='word_1_33' title='bbox 168 602 302 672; x_wconf 80' lang='grc' dir='ltr'><em>τασκόιτῳ</em></span> <span class='ocrx_word' id='word_1_34' title='bbox 319 602 374 657; x_wconf 90' lang='lat' dir='ltr'>hoc</span> <span class='ocrx_word' id='word_1_35' title='bbox 394 603 458 656; x_wconf 92' lang='lat' dir='ltr'>loco</span> <span class='ocrx_word' id='word_1_36' title='bbox 482 603 726 672; x_wconf 88' lang='lat' dir='ltr'>interpretandum</span> <span class='ocrx_word' id='word_1_37' title='bbox 744 605 865 669; x_wconf 87' lang='lat' dir='ltr'>„clam“.</span> <span class='ocrx_word' id='word_1_38' title='bbox 896 604 1059 658; x_wconf 80' lang='lat' dir='ltr'>Cavendum</span> <span class='ocrx_word' id='word_1_39' title='bbox 1076 622 1141 660; x_wconf 89' lang='lat' dir='ltr'>vero</span> <span class='ocrx_word' id='word_1_40' title='bbox 1164 621 1214 670; x_wconf 87' lang='lat' dir='ltr'>ne,</span> <span class='ocrx_word' id='word_1_41' title='bbox 1233 605 1282 698; x_wconf 91' lang='lat' dir='ltr'>qui</span> <span class='ocrx_word' id='word_1_42' title='bbox 1301 605 1349 659; x_wconf 92' lang='lat' dir='ltr'>hic</span> 
     </span>
     <span class='ocr_line' id='line_1_5' title="bbox 170 669 1351 742; baseline 0.004 -20"><span class='ocrx_word' id='word_1_43' title='bbox 170 671 276 724; x_wconf 90' lang='lat' dir='ltr'>dicitur</span> <span class='ocrx_word' id='word_1_44' title='bbox 295 669 441 734; x_wconf 83' lang='grc' dir='ltr'><em>σκεπεινὸς</em></span> <span class='ocrx_word' id='word_1_45' title='bbox 459 674 506 739; x_wconf 82' lang='grc' dir='ltr'>τῆς</span> <span class='ocrx_word' id='word_1_46' title='bbox 523 671 665 739; x_wconf 76' lang='grc' dir='ltr'><em>θαλάσσης</em></span> <span class='ocrx_word' id='word_1_47' title='bbox 682 672 782 735; x_wconf 80' lang='grc' dir='ltr'><strong><em>τόπος,</em></strong></span> <span class='ocrx_word' id='word_1_48' title='bbox 801 672 990 725; x_wconf 86' lang='lat' dir='ltr'>confundatur</span> <span class='ocrx_word' id='word_1_49' title='bbox 1003 689 1065 725; x_wconf 90' lang='lat' dir='ltr'>cum</span> <span class='ocrx_word' id='word_1_50' title='bbox 1079 689 1125 738; x_wconf 90' lang='lat' dir='ltr'>eo,</span> <span class='ocrx_word' id='word_1_51' title='bbox 1144 673 1192 741; x_wconf 94' lang='lat' dir='ltr'>qui</span> <span class='ocrx_word' id='word_1_52' title='bbox 1204 691 1230 742; x_wconf 90' lang='lat' dir='ltr'>p.</span> <span class='ocrx_word' id='word_1_53' title='bbox 1244 673 1302 739; x_wconf 76' lang='lat'>297,</span> <span class='ocrx_word' id='word_1_54' title='bbox 1317 675 1351 727; x_wconf 81' lang='lat'>16</span> 
     </span>
     <span class='ocr_line' id='line_1_6' title="bbox 168 737 1348 810; baseline 0.003 -19"><span class='ocrx_word' id='word_1_55' title='bbox 168 738 331 807; x_wconf 88' lang='lat' dir='ltr'>appellatur</span> <span class='ocrx_word' id='word_1_56' title='bbox 348 739 362 792; x_wconf 87' lang='grc' dir='ltr'><em>ὁ</em></span> <span class='ocrx_word' id='word_1_57' title='bbox 380 737 527 798; x_wconf 73' lang='grc' dir='ltr'><em>σκοτεινὸς</em></span> <span class='ocrx_word' id='word_1_58' title='bbox 546 737 640 800; x_wconf 86' lang='grc' dir='ltr'><em>τόπος.</em></span> <span class='ocrx_word' id='word_1_59' title='bbox 677 741 705 792; x_wconf 89' lang='lat' dir='ltr'>Is</span> <span class='ocrx_word' id='word_1_60' title='bbox 724 739 797 792; x_wconf 92' lang='lat' dir='ltr'>enim</span> <span class='ocrx_word' id='word_1_61' title='bbox 817 745 861 792; x_wconf 90' lang='lat' dir='ltr'>est</span> <span class='ocrx_word' id='word_1_62' title='bbox 880 745 1014 808; x_wconf 89' lang='lat' dir='ltr'>„opertus</span> <span class='ocrx_word' id='word_1_63' title='bbox 1032 739 1142 807; x_wconf 84' lang='lat' dir='ltr'>locus“,</span> <span class='ocrx_word' id='word_1_64' title='bbox 1159 758 1215 793; x_wconf 89' lang='lat' dir='ltr'>non</span> <span class='ocrx_word' id='word_1_65' title='bbox 1234 740 1263 792; x_wconf 93' lang='lat' dir='ltr'>in</span> <span class='ocrx_word' id='word_1_66' title='bbox 1285 741 1348 810; x_wconf 91' lang='lat' dir='ltr'>ipso</span> 
     </span>
     <span class='ocr_line' id='line_1_7' title="bbox 169 805 1348 925; baseline 0.003 -67"><span class='ocrx_word' id='word_1_67' title='bbox 169 805 239 858; x_wconf 90' lang='lat' dir='ltr'>mari</span> <span class='ocrx_word' id='word_1_68' title='bbox 258 805 347 870; x_wconf 89' lang='lat' dir='ltr'>situs,</span> <span class='ocrx_word' id='word_1_69' title='bbox 365 805 453 871; x_wconf 88' lang='lat' dir='ltr'>idem,</span> <span class='ocrx_word' id='word_1_70' title='bbox 471 806 519 874; x_wconf 89' lang='lat' dir='ltr'>qui</span> <span class='ocrx_word' id='word_1_71' title='bbox 528 824 557 925; x_wconf 78' lang='lat' dir='ltr'>p</span> <span class='ocrx_word' id='word_1_72' title='bbox 570 807 628 872; x_wconf 80' lang='lat'>297,</span> <span class='ocrx_word' id='word_1_73' title='bbox 644 809 656 858; x_wconf 90' lang='lat'>1</span> <span class='ocrx_word' id='word_1_74' title='bbox 672 824 712 887; x_wconf 90' lang='lat' dir='ltr'>sq.</span> <span class='ocrx_word' id='word_1_75' title='bbox 730 807 824 860; x_wconf 90' lang='lat' dir='ltr'>audit:</span> <span class='ocrx_word' id='word_1_76' title='bbox 847 827 898 874; x_wconf 82' lang='grc' dir='ltr'>κρυ</span> <span class='ocrx_word' id='word_1_77' title='bbox 924 817 983 868; x_wconf 85' lang='grc' dir='ltr'><em>αῑος</em></span> <span class='ocrx_word' id='word_1_78' title='bbox 1002 806 1095 868; x_wconf 87' lang='grc' dir='ltr'><em>τόπος.</em></span> <span class='ocrx_word' id='word_1_79' title='bbox 1114 839 1144 847; x_wconf 82' lang='lat'>-</span> <span class='ocrx_word' id='word_1_80' title='bbox 1168 808 1299 861; x_wconf 84' lang='lat' dir='ltr'>Ceterum</span> <span class='ocrx_word' id='word_1_81' title='bbox 1316 813 1348 861; x_wconf 88' lang='lat' dir='ltr'>ut</span> 
     </span>
     <span class='ocr_line' id='line_1_8' title="bbox 167 873 1349 944; baseline 0.001 -18"><span class='ocrx_word' id='word_1_82' title='bbox 167 873 239 926; x_wconf 91' lang='lat' dir='ltr'>alibi</span> <span class='ocrx_word' id='word_1_83' title='bbox 252 873 295 926; x_wconf 90' lang='lat' dir='ltr'>sic</span> <span class='ocrx_word' id='word_1_84' title='bbox 308 873 395 926; x_wconf 91' lang='lat' dir='ltr'>etiam</span> <span class='ocrx_word' id='word_1_85' title='bbox 408 873 438 925; x_wconf 94' lang='lat' dir='ltr'>in</span> <span class='ocrx_word' id='word_1_86' title='bbox 450 874 535 926; x_wconf 83' lang='lat' dir='ltr'>Hcmr</span> <span class='ocrx_word' id='word_1_87' title='bbox 550 915 554 924; x_wconf 94' lang='lat'>.</span> <span class='ocrx_word' id='word_1_88' title='bbox 569 879 598 926; x_wconf 90' lang='lat' dir='ltr'>et</span> <span class='ocrx_word' id='word_1_89' title='bbox 610 873 640 926; x_wconf 93' lang='lat' dir='ltr'>in</span> <span class='ocrx_word' id='word_1_90' title='bbox 652 873 727 944; x_wconf 84' lang='lat' dir='ltr'>Eprt.</span> <span class='ocrx_word' id='word_1_91' title='bbox 740 879 792 927; x_wconf 92' lang='lat' dir='ltr'>utr.</span> <span class='ocrx_word' id='word_1_92' title='bbox 807 873 837 928; x_wconf 79' lang='lat' dir='ltr'>C.</span> <span class='ocrx_word' id='word_1_93' title='bbox 852 873 888 928; x_wconf 82' lang='lat' dir='ltr'>CI</span> <span class='ocrx_word' id='word_1_94' title='bbox 934 879 963 928; x_wconf 89' lang='lat' dir='ltr'>et</span> <span class='ocrx_word' id='word_1_95' title='bbox 982 873 1033 927; x_wconf 81' lang='lat' dir='ltr'>CX</span> <span class='ocrx_word' id='word_1_96' title='bbox 1052 875 1086 928; x_wconf 91' lang='lat' dir='ltr'>de</span> <span class='ocrx_word' id='word_1_97' title='bbox 1104 875 1194 929; x_wconf 86' lang='lat' dir='ltr'>forma</span> <span class='ocrx_word' id='word_1_98' title='bbox 1211 875 1349 930; x_wconf 86' lang='lat' dir='ltr'>ad&#39;ectivi</span> 
     </span>
     <span class='ocr_line' id='line_1_9' title="bbox 168 895 1349 1012; baseline 0.003 -18"><span class='ocrx_word' id='word_1_99' title='bbox 168 941 280 994; x_wconf 88' lang='lat' dir='ltr'>variant</span> <span class='ocrx_word' id='word_1_100' title='bbox 293 939 358 993; x_wconf 88' lang='lat' dir='ltr'><strong>libri</strong></span> <span class='ocrx_word' id='word_1_101' title='bbox 370 958 462 1006; x_wconf 72' lang='lat' dir='ltr'>mecm,</span> <span class='ocrx_word' id='word_1_102' title='bbox 476 940 646 1010; x_wconf 84' lang='lat' dir='ltr'>praebentes</span> <span class='ocrx_word' id='word_1_103' title='bbox 665 941 810 1004; x_wconf 82' lang='grc' dir='ltr'><em>σκεπεινός</em></span> <span class='ocrx_word' id='word_1_104' title='bbox 827 948 856 996; x_wconf 91' lang='lat' dir='ltr'>et</span> <span class='ocrx_word' id='word_1_105' title='bbox 870 942 1008 1012; x_wconf 80' lang='grc' dir='ltr'><em>σκεπηνὸς</em></span> <span class='ocrx_word' id='word_1_106' title='bbox 1020 947 1049 994; x_wconf 92' lang='lat' dir='ltr'>et</span> <span class='ocrx_word' id='word_1_107' title='bbox 1063 943 1201 1004; x_wconf 75' lang='grc' dir='ltr'><strong><em>σκεπινός.</em></strong></span> <span class='ocrx_word' id='word_1_108' title='bbox 1236 895 1349 998; x_wconf 64' lang='lat' dir='ltr'>dostra-</span> 
     </span>
     <span class='ocr_line' id='line_1_10' title="bbox 168 1008 1348 1080; baseline 0.004 -19"><span class='ocrx_word' id='word_1_109' title='bbox 168 1025 242 1062; x_wconf 91' lang='lat' dir='ltr'>mam</span> <span class='ocrx_word' id='word_1_110' title='bbox 256 1008 387 1076; x_wconf 88' lang='lat' dir='ltr'>formam,</span> <span class='ocrx_word' id='word_1_111' title='bbox 405 1025 476 1077; x_wconf 88' lang='lat' dir='ltr'>quae</span> <span class='ocrx_word' id='word_1_112' title='bbox 494 1008 524 1062; x_wconf 87' lang='lat' dir='ltr'>in</span> <span class='ocrx_word' id='word_1_113' title='bbox 540 1009 644 1062; x_wconf 78' lang='lat' dir='ltr'>llomil.</span> <span class='ocrx_word' id='word_1_114' title='bbox 666 1027 700 1063; x_wconf 83' lang='lat' dir='ltr'>ex</span> <span class='ocrx_word' id='word_1_115' title='bbox 718 1009 817 1063; x_wconf 89' lang='lat' dir='ltr'>codice</span> <span class='ocrx_word' id='word_1_116' title='bbox 834 1009 856 1063; x_wconf 79' lang='lat' dir='ltr'>O</span> <span class='ocrx_word' id='word_1_117' title='bbox 874 1015 991 1080; x_wconf 88' lang='lat' dir='ltr'>recepta</span> <span class='ocrx_word' id='word_1_118' title='bbox 1008 1016 1066 1076; x_wconf 89' lang='lat' dir='ltr'>est,</span> <span class='ocrx_word' id='word_1_119' title='bbox 1089 1011 1213 1064; x_wconf 88' lang='lat' dir='ltr'>omnium</span> <span class='ocrx_word' id='word_1_120' title='bbox 1234 1011 1348 1066; x_wconf 92' lang='lat' dir='ltr'>minime</span> 
     </span>
     <span class='ocr_line' id='line_1_11' title="bbox 167 1075 1349 1148; baseline 0.005 -20"><span class='ocrx_word' id='word_1_121' title='bbox 167 1075 291 1142; x_wconf 90' lang='lat' dir='ltr'>tulerim,</span> <span class='ocrx_word' id='word_1_122' title='bbox 306 1075 373 1144; x_wconf 94' lang='lat' dir='ltr'>quip</span> <span class='ocrx_word' id='word_1_123' title='bbox 395 1092 495 1145; x_wconf 89' lang='lat' dir='ltr'>equae</span> <span class='ocrx_word' id='word_1_124' title='bbox 508 1075 584 1146; x_wconf 89' lang='lat' dir='ltr'>apud</span> <span class='ocrx_word' id='word_1_125' title='bbox 596 1075 710 1131; x_wconf 89' lang='lat' dir='ltr'>infimae</span> <span class='ocrx_word' id='word_1_126' title='bbox 725 1077 836 1131; x_wconf 88' lang='lat' dir='ltr'>demum</span> <span class='ocrx_word' id='word_1_127' title='bbox 852 1079 956 1132; x_wconf 88' lang='lat' dir='ltr'>aetatis</span> <span class='ocrx_word' id='word_1_128' title='bbox 971 1079 1123 1147; x_wconf 81' lang='lat' dir='ltr'>scriptores</span> <span class='ocrx_word' id='word_1_129' title='bbox 1136 1085 1273 1148; x_wconf 90' lang='lat' dir='ltr'>usurpata</span> <span class='ocrx_word' id='word_1_130' title='bbox 1285 1097 1349 1134; x_wconf 87' lang='lat' dir='ltr'>esse</span> 
     </span>
     <span class='ocr_line' id='line_1_12' title="bbox 167 1095 1348 1216; baseline 0.002 -20"><span class='ocrx_word' id='word_1_131' title='bbox 167 1143 306 1196; x_wconf 85' lang='lat' dir='ltr'>videatur.</span> <span class='ocrx_word' id='word_1_132' title='bbox 321 1143 360 1196; x_wconf 87' lang='lat' dir='ltr'>At</span> <span class='ocrx_word' id='word_1_133' title='bbox 374 1095 479 1197; x_wconf 69' lang='lat' dir='ltr'>lbi-mae</span> <span class='ocrx_word' id='word_1_134' title='bbox 493 1144 639 1204; x_wconf 66' lang='lat' dir='ltr'>casuariis</span> <span class='ocrx_word' id='word_1_135' title='bbox 652 1151 681 1198; x_wconf 89' lang='lat' dir='ltr'>et</span> <span class='ocrx_word' id='word_1_136' title='bbox 695 1145 832 1216; x_wconf 86' lang='grc' dir='ltr'><em>σκεπηνὸς</em></span> <span class='ocrx_word' id='word_1_137' title='bbox 845 1163 893 1198; x_wconf 91' lang='lat' dir='ltr'>cur</span> <span class='ocrx_word' id='word_1_138' title='bbox 906 1145 1010 1199; x_wconf 80' lang='lat' dir='ltr'>dubiae</span> <span class='ocrx_word' id='word_1_139' title='bbox 1024 1163 1086 1199; x_wconf 88' lang='lat' dir='ltr'>esse</span> <span class='ocrx_word' id='word_1_140' title='bbox 1100 1145 1168 1199; x_wconf 92' lang='lat' dir='ltr'>fidei</span> <span class='ocrx_word' id='word_1_141' title='bbox 1201 1145 1348 1200; x_wconf 88' lang='lat' dir='ltr'>erhibean-</span> 
     </span>
    </p>
   </div>
   <div class='ocr_carea' id='block_1_3' title="bbox 167 1209 1349 1466">
    <p class='ocr_par' dir='ltr' id='par_1_3' title="bbox 167 1209 1349 1466">
     <span class='ocr_line' id='line_1_13' title="bbox 167 1209 1348 1296; baseline 0.002 -32"><span class='ocrx_word' id='word_1_142' title='bbox 167 1210 257 1264; x_wconf 89' lang='lat' dir='ltr'>turin</span> <span class='ocrx_word' id='word_1_143' title='bbox 270 1209 355 1263; x_wconf 87' lang='lat' dir='ltr'>Thes.</span> <span class='ocrx_word' id='word_1_144' title='bbox 370 1209 503 1280; x_wconf 84' lang='lat' dir='ltr'>Stephan.</span> <span class='ocrx_word' id='word_1_145' title='bbox 518 1211 655 1291; x_wconf 63' lang='lat' dir='ltr'>od.Paris3</span> <span class='ocrx_word' id='word_1_146' title='bbox 669 1231 689 1266; x_wconf 90' lang='lat' dir='ltr'>s.</span> <span class='ocrx_word' id='word_1_147' title='bbox 702 1231 728 1265; x_wconf 85' lang='lat' dir='ltr'>v.</span> <span class='ocrx_word' id='word_1_148' title='bbox 740 1213 885 1282; x_wconf 80' lang='grc' dir='ltr'><em>σκεπηνός,</em></span> <span class='ocrx_word' id='word_1_149' title='bbox 899 1233 956 1268; x_wconf 93' lang='lat' dir='ltr'>non</span> <span class='ocrx_word' id='word_1_150' title='bbox 965 1213 1106 1283; x_wconf 87' lang='lat' dir='ltr'>intelligo.</span> <span class='ocrx_word' id='word_1_151' title='bbox 1120 1245 1153 1251; x_wconf 93' lang='lat'>-</span> <span class='ocrx_word' id='word_1_152' title='bbox 1194 1211 1242 1267; x_wconf 83' lang='grc'>,14</span> <span class='ocrx_word' id='word_1_153' title='bbox 1251 1219 1348 1296; x_wconf 66' lang='lat' dir='ltr'>aperte</span> 
     </span>
     <span class='ocr_line' id='line_1_14' title="bbox 167 1277 1347 1352; baseline 0.005 -22"><span class='ocrx_word' id='word_1_154' title='bbox 167 1277 357 1348; x_wconf 87' lang='lat' dir='ltr'>praeferenda</span> <span class='ocrx_word' id='word_1_155' title='bbox 379 1285 438 1332; x_wconf 88' lang='lat' dir='ltr'>erat</span> <span class='ocrx_word' id='word_1_156' title='bbox 456 1279 543 1332; x_wconf 83' lang='lat' dir='ltr'>lectio</span> <span class='ocrx_word' id='word_1_157' title='bbox 564 1279 672 1332; x_wconf 81' lang='lat' dir='ltr'>codicis</span> <span class='ocrx_word' id='word_1_158' title='bbox 692 1278 736 1332; x_wconf 82' lang='lat' dir='ltr'>C.:</span> <span class='ocrx_word' id='word_1_159' title='bbox 760 1285 807 1334; x_wconf 68' lang='grc' dir='ltr'>ἐπὶ</span> <span class='ocrx_word' id='word_1_160' title='bbox 828 1281 887 1336; x_wconf 85' lang='grc' dir='ltr'><em>τὸν</em></span> <span class='ocrx_word' id='word_1_161' title='bbox 904 1280 1067 1352; x_wconf 77' lang='grc' dir='ltr'><em>αἰγιαλὸν</em></span> <span class='ocrx_word' id='word_1_162' title='bbox 1087 1288 1248 1350; x_wconf 73' lang='grc' dir='ltr'><em>γενομένων</em></span> <span class='ocrx_word' id='word_1_163' title='bbox 1261 1301 1347 1352; x_wconf 68' lang='lat' dir='ltr'>apuu,</span> 
     </span>
     <span class='ocr_line' id='line_1_15' title="bbox 167 1345 1349 1466; baseline 0.002 -68"><span class='ocrx_word' id='word_1_164' title='bbox 167 1363 253 1466; x_wconf 56' lang='lat' dir='ltr'>quam</span> <span class='ocrx_word' id='word_1_165' title='bbox 270 1345 389 1424; x_wconf 76' lang='lat' dir='ltr'>praebet</span> <span class='ocrx_word' id='word_1_166' title='bbox 411 1346 495 1399; x_wconf 90' lang='lat' dir='ltr'>etiam</span> <span class='ocrx_word' id='word_1_167' title='bbox 514 1347 661 1416; x_wconf 89' lang='lat' dir='ltr'>utriusque</span> <span class='ocrx_word' id='word_1_168' title='bbox 678 1347 755 1417; x_wconf 88' lang='lat' dir='ltr'>Epit.</span> <span class='ocrx_word' id='word_1_169' title='bbox 776 1347 806 1404; x_wconf 78' lang='lat' dir='ltr'>C.</span> <span class='ocrx_word' id='word_1_170' title='bbox 826 1347 885 1403; x_wconf 80' lang='lat' dir='ltr'>dx.</span> <span class='ocrx_word' id='word_1_171' title='bbox 907 1380 940 1388; x_wconf 90' lang='lat'><em>-</em></span> <span class='ocrx_word' id='word_1_172' title='bbox 960 1346 1069 1400; x_wconf 90' lang='lat' dir='ltr'>Eodem</span> <span class='ocrx_word' id='word_1_173' title='bbox 1088 1364 1171 1400; x_wconf 88' lang='lat' dir='ltr'>versu</span> <span class='ocrx_word' id='word_1_174' title='bbox 1192 1346 1349 1400; x_wconf 89' lang='lat' dir='ltr'>secundum</span> 
     </span>
    </p>
   </div>
   <div class='ocr_carea' id='block_1_4' title="bbox 167 1413 1353 4393">
    <p class='ocr_par' dir='ltr' id='par_1_4' title="bbox 167 1413 1350 2281">
     <span class='ocr_line' id='line_1_16' title="bbox 179 1413 1348 1534; baseline 0.003 -69"><span class='ocrx_word' id='word_1_175' title='bbox 179 1414 245 1484; x_wconf 85' lang='lat' dir='ltr'>⁴pit.</span> <span class='ocrx_word' id='word_1_176' title='bbox 267 1429 389 1482; x_wconf 83' lang='lat' dir='ltr'>priorem</span> <span class='ocrx_word' id='word_1_177' title='bbox 410 1413 604 1468; x_wconf 90' lang='lat' dir='ltr'>scribendum:</span> <span class='ocrx_word' id='word_1_178' title='bbox 626 1422 679 1470; x_wconf 86' lang='grc' dir='ltr'>καὶ</span> <span class='ocrx_word' id='word_1_179' title='bbox 699 1416 809 1487; x_wconf 79' lang='grc' dir='ltr'><em>μεταξὺ,</em></span> <span class='ocrx_word' id='word_1_180' title='bbox 832 1421 918 1534; x_wconf 67' lang='lat' dir='ltr'>atque</span> <span class='ocrx_word' id='word_1_181' title='bbox 940 1416 1022 1484; x_wconf 89' lang='lat' dir='ltr'>hujus</span> <span class='ocrx_word' id='word_1_182' title='bbox 1040 1413 1187 1483; x_wconf 84' lang='lat' dir='ltr'>Epitomes</span> <span class='ocrx_word' id='word_1_183' title='bbox 1207 1415 1348 1484; x_wconf 88' lang='lat' dir='ltr'>scriptura</span> 
     </span>
     <span class='ocr_line' id='line_1_17' title="bbox 167 1481 1347 1555; baseline 0.002 -19"><span class='ocrx_word' id='word_1_184' title='bbox 167 1481 333 1550; x_wconf 89' lang='lat' dir='ltr'>reponenda</span> <span class='ocrx_word' id='word_1_185' title='bbox 345 1481 431 1535; x_wconf 87' lang='lat' dir='ltr'>ctiam</span> <span class='ocrx_word' id='word_1_186' title='bbox 441 1481 472 1534; x_wconf 91' lang='lat' dir='ltr'>in</span> <span class='ocrx_word' id='word_1_187' title='bbox 481 1481 555 1551; x_wconf 87' lang='lat' dir='ltr'>Epit.</span> <span class='ocrx_word' id='word_1_188' title='bbox 566 1483 657 1550; x_wconf 82' lang='lat' dir='ltr'>alter,</span> <span class='ocrx_word' id='word_1_189' title='bbox 670 1482 719 1535; x_wconf 93' lang='lat' dir='ltr'>ubi</span> <span class='ocrx_word' id='word_1_190' title='bbox 732 1483 808 1552; x_wconf 88' lang='lat' dir='ltr'>quod</span> <span class='ocrx_word' id='word_1_191' title='bbox 821 1481 850 1534; x_wconf 84' lang='lat' dir='ltr'>C.</span> <span class='ocrx_word' id='word_1_192' title='bbox 886 1482 915 1534; x_wconf 91' lang='lat' dir='ltr'>X</span> <span class='ocrx_word' id='word_1_193' title='bbox 927 1483 1035 1536; x_wconf 88' lang='lat' dir='ltr'>editum</span> <span class='ocrx_word' id='word_1_194' title='bbox 1050 1487 1108 1534; x_wconf 90' lang='lat' dir='ltr'>est:</span> <span class='ocrx_word' id='word_1_195' title='bbox 1121 1482 1223 1555; x_wconf 82' lang='grc' dir='ltr'><em>μεταξὺ</em></span> <span class='ocrx_word' id='word_1_196' title='bbox 1237 1489 1347 1549; x_wconf 85' lang='grc' dir='ltr'><em>πέτρων</em></span> 
     </span>
     <span class='ocr_line' id='line_1_18' title="bbox 169 1547 1348 1630; baseline 0 -26"><span class='ocrx_word' id='word_1_197' title='bbox 169 1553 256 1604; x_wconf 80' lang='grc' dir='ltr'><em>τινῶν</em></span> <span class='ocrx_word' id='word_1_198' title='bbox 268 1547 389 1620; x_wconf 73' lang='grc' dir='ltr'><em>γαληνὸν</em></span> <span class='ocrx_word' id='word_1_199' title='bbox 400 1555 445 1604; x_wconf 84' lang='grc' dir='ltr'>καὶ</span> <span class='ocrx_word' id='word_1_200' title='bbox 461 1549 584 1616; x_wconf 75' lang='grc' dir='ltr'><em>καθαρὸν</em></span> <span class='ocrx_word' id='word_1_201' title='bbox 603 1551 693 1606; x_wconf 93' lang='grc' dir='ltr'><em>τόπον</em></span> <span class='ocrx_word' id='word_1_202' title='bbox 706 1549 935 1620; x_wconf 81' lang='grc' dir='ltr'><em>εὐπορησάντων,</em></span> <span class='ocrx_word' id='word_1_203' title='bbox 955 1567 990 1602; x_wconf 84' lang='lat' dir='ltr'>ne</span> <span class='ocrx_word' id='word_1_204' title='bbox 1007 1555 1066 1601; x_wconf 78' lang='lat' dir='ltr'>tum</span> <span class='ocrx_word' id='word_1_205' title='bbox 1085 1549 1200 1630; x_wconf 83' lang='lat' dir='ltr'>quidem</span> <span class='ocrx_word' id='word_1_206' title='bbox 1212 1549 1272 1604; x_wconf 86' lang='lat' dir='ltr'>veri</span> <span class='ocrx_word' id='word_1_207' title='bbox 1285 1568 1348 1604; x_wconf 82' lang='lat' dir='ltr'>esse</span> 
     </span>
     <span class='ocr_line' id='line_1_19' title="bbox 170 1615 1348 1691; baseline 0.004 -22"><span class='ocrx_word' id='word_1_208' title='bbox 170 1616 263 1670; x_wconf 91' lang='lat' dir='ltr'>simile</span> <span class='ocrx_word' id='word_1_209' title='bbox 280 1615 455 1683; x_wconf 81' lang='lat' dir='ltr'>crediderim,</span> <span class='ocrx_word' id='word_1_210' title='bbox 470 1634 554 1686; x_wconf 87' lang='lat' dir='ltr'>quum</span> <span class='ocrx_word' id='word_1_211' title='bbox 566 1634 616 1686; x_wconf 88' lang='lat' dir='ltr'>pro</span> <span class='ocrx_word' id='word_1_212' title='bbox 630 1618 715 1684; x_wconf 82' lang='grc' dir='ltr'><em>εὐπορ</em></span> <span class='ocrx_word' id='word_1_213' title='bbox 735 1617 844 1674; x_wconf 82' lang='grc' dir='ltr'><em>σάντων</em></span> <span class='ocrx_word' id='word_1_214' title='bbox 855 1619 1012 1687; x_wconf 90' lang='lat' dir='ltr'>repositum</span> <span class='ocrx_word' id='word_1_215' title='bbox 1030 1615 1130 1670; x_wconf 85' lang='lat' dir='ltr'>fuerit:</span> <span class='ocrx_word' id='word_1_216' title='bbox 1155 1617 1348 1691; x_wconf 82' lang='grc' dir='ltr'><em>εὐπορούν-</em></span> 
     </span>
     <span class='ocr_line' id='line_1_20' title="bbox 170 1683 1346 1760; baseline 0 -22"><span class='ocrx_word' id='word_1_217' title='bbox 170 1705 244 1740; x_wconf 89' lang='grc' dir='ltr'><em>των.</em></span> <span class='ocrx_word' id='word_1_218' title='bbox 256 1715 290 1722; x_wconf 89' lang='grc'><strong>-</strong></span> <span class='ocrx_word' id='word_1_219' title='bbox 302 1683 405 1736; x_wconf 85' lang='lat' dir='ltr'>Mirum</span> <span class='ocrx_word' id='word_1_220' title='bbox 419 1691 463 1738; x_wconf 88' lang='lat' dir='ltr'>est</span> <span class='ocrx_word' id='word_1_221' title='bbox 475 1685 551 1754; x_wconf 90' lang='lat' dir='ltr'>quod</span> <span class='ocrx_word' id='word_1_222' title='bbox 563 1685 650 1738; x_wconf 89' lang='lat' dir='ltr'>verba</span> <span class='ocrx_word' id='word_1_223' title='bbox 662 1704 688 1738; x_wconf 89' lang='lat' dir='ltr'>v.</span> <span class='ocrx_word' id='word_1_224' title='bbox 702 1688 733 1739; x_wconf 78' lang='lat' dir='ltr'>1a</span> <span class='ocrx_word' id='word_1_225' title='bbox 746 1691 813 1755; x_wconf 91' lang='lat' dir='ltr'>etp.</span> <span class='ocrx_word' id='word_1_226' title='bbox 826 1685 884 1750; x_wconf 77' lang='grc'>297,</span> <span class='ocrx_word' id='word_1_227' title='bbox 901 1689 912 1738; x_wconf 93' lang='lat' dir='ltr'>l</span> <span class='ocrx_word' id='word_1_228' title='bbox 927 1703 966 1755; x_wconf 93' lang='lat' dir='ltr'>sq.</span> <span class='ocrx_word' id='word_1_229' title='bbox 979 1685 1088 1755; x_wconf 87' lang='lat' dir='ltr'>posita:</span> <span class='ocrx_word' id='word_1_230' title='bbox 1110 1691 1155 1740; x_wconf 82' lang='grc' dir='ltr'>καὶ</span> <span class='ocrx_word' id='word_1_231' title='bbox 1167 1687 1346 1760; x_wconf 84' lang='grc' dir='ltr'><em>λουσάμενοι,</em></span> 
     </span>
     <span class='ocr_line' id='line_1_21' title="bbox 169 1750 1347 1827; baseline 0.003 -21"><span class='ocrx_word' id='word_1_232' title='bbox 169 1750 302 1812; x_wconf 72' lang='grc' dir='ltr'>ἐλθόντες</span> <span class='ocrx_word' id='word_1_233' title='bbox 314 1753 361 1805; x_wconf 72' lang='grc' dir='ltr'>ἐπὶ</span> <span class='ocrx_word' id='word_1_234' title='bbox 375 1751 422 1813; x_wconf 85' lang='grc' dir='ltr'>τάς</span> <span class='ocrx_word' id='word_1_235' title='bbox 432 1761 563 1824; x_wconf 84' lang='grc' dir='ltr'><em>γυναῖκας</em></span> <span class='ocrx_word' id='word_1_236' title='bbox 571 1751 774 1827; x_wconf 75' lang='grc' dir='ltr'><em>παρελάβομεν.</em></span> <span class='ocrx_word' id='word_1_237' title='bbox 793 1760 838 1808; x_wconf 86' lang='grc' dir='ltr'>καὶ</span> <span class='ocrx_word' id='word_1_238' title='bbox 856 1755 944 1814; x_wconf 81' lang='grc' dir='ltr'><em>οὕτως</em></span> <span class='ocrx_word' id='word_1_239' title='bbox 962 1758 991 1810; x_wconf 71' lang='grc' dir='ltr'><em>ἐν</em></span> <span class='ocrx_word' id='word_1_240' title='bbox 1007 1760 1134 1823; x_wconf 78' lang='grc' dir='ltr'><em>κρυφαίῳ</em></span> <span class='ocrx_word' id='word_1_241' title='bbox 1152 1751 1230 1822; x_wconf 87' lang='grc' dir='ltr'><em>τόπῳ</em></span> <span class='ocrx_word' id='word_1_242' title='bbox 1244 1775 1347 1827; x_wconf 89' lang='grc' dir='ltr'><em>πορευ-</em></span> 
     </span>
     <span class='ocr_line' id='line_1_22' title="bbox 170 1818 1349 1892; baseline 0.001 -19"><span class='ocrx_word' id='word_1_243' title='bbox 170 1826 269 1880; x_wconf 76' lang='grc' dir='ltr'><em>θέντες</em></span> <span class='ocrx_word' id='word_1_244' title='bbox 282 1818 346 1888; x_wconf 84' lang='grc' dir='ltr'><em>εὐχά</em></span> <span class='ocrx_word' id='word_1_245' title='bbox 372 1831 436 1884; x_wconf 66' lang='grc' dir='ltr'><em>τινα,</em></span> <span class='ocrx_word' id='word_1_246' title='bbox 456 1819 569 1873; x_wconf 89' lang='lat' dir='ltr'>omnino</span> <span class='ocrx_word' id='word_1_247' title='bbox 580 1821 749 1874; x_wconf 90' lang='lat' dir='ltr'>transmissa</span> <span class='ocrx_word' id='word_1_248' title='bbox 762 1830 828 1874; x_wconf 92' lang='lat' dir='ltr'>sunt</span> <span class='ocrx_word' id='word_1_249' title='bbox 840 1823 869 1874; x_wconf 91' lang='lat' dir='ltr'>in</span> <span class='ocrx_word' id='word_1_250' title='bbox 881 1827 999 1890; x_wconf 85' lang='lat' dir='ltr'>utraque</span> <span class='ocrx_word' id='word_1_251' title='bbox 1012 1821 1097 1892; x_wconf 86' lang='lat' dir='ltr'>Epit,</span> <span class='ocrx_word' id='word_1_252' title='bbox 1110 1838 1193 1890; x_wconf 92' lang='lat' dir='ltr'>quum</span> <span class='ocrx_word' id='word_1_253' title='bbox 1207 1827 1303 1874; x_wconf 89' lang='lat' dir='ltr'>tamen</span> <span class='ocrx_word' id='word_1_254' title='bbox 1315 1851 1349 1860; x_wconf 90' lang='lat'><em>-</em></span> 
     </span>
     <span class='ocr_line' id='line_1_23' title="bbox 168 1887 1347 1959; baseline 0.001 -19"><span class='ocrx_word' id='word_1_255' title='bbox 168 1893 201 1940; x_wconf 89' lang='lat' dir='ltr'>ut</span> <span class='ocrx_word' id='word_1_256' title='bbox 213 1892 324 1940; x_wconf 88' lang='lat' dir='ltr'>taceam</span> <span class='ocrx_word' id='word_1_257' title='bbox 359 1905 372 1940; x_wconf 92' lang='lat' dir='ltr'>e</span> <span class='ocrx_word' id='word_1_258' title='bbox 386 1887 460 1952; x_wconf 90' lang='lat' dir='ltr'>locc,</span> <span class='ocrx_word' id='word_1_259' title='bbox 474 1887 522 1956; x_wconf 92' lang='lat' dir='ltr'>qui</span> <span class='ocrx_word' id='word_1_260' title='bbox 536 1893 581 1940; x_wconf 91' lang='lat' dir='ltr'>est</span> <span class='ocrx_word' id='word_1_261' title='bbox 593 1887 622 1940; x_wconf 77' lang='lat'>0.</span> <span class='ocrx_word' id='word_1_262' title='bbox 638 1887 713 1954; x_wconf 84' lang='lat' dir='ltr'>CXI,</span> <span class='ocrx_word' id='word_1_263' title='bbox 726 1907 790 1942; x_wconf 80' lang='lat' dir='ltr'>mox</span> <span class='ocrx_word' id='word_1_264' title='bbox 800 1891 960 1942; x_wconf 78' lang='lat' dir='ltr'>accuratius</span> <span class='ocrx_word' id='word_1_265' title='bbox 971 1888 1121 1943; x_wconf 86' lang='lat' dir='ltr'>tractando</span> <span class='ocrx_word' id='word_1_266' title='bbox 1134 1921 1166 1928; x_wconf 88' lang='lat'><em>-</em></span> <span class='ocrx_word' id='word_1_267' title='bbox 1179 1889 1209 1941; x_wconf 93' lang='lat' dir='ltr'>in</span> <span class='ocrx_word' id='word_1_268' title='bbox 1220 1893 1347 1959; x_wconf 85' lang='lat' dir='ltr'>utraque,</span> 
     </span>
     <span class='ocr_line' id='line_1_24' title="bbox 170 1953 1347 2028; baseline 0.001 -22"><span class='ocrx_word' id='word_1_269' title='bbox 170 1953 201 2007; x_wconf 83' lang='lat' dir='ltr'>C.</span> <span class='ocrx_word' id='word_1_270' title='bbox 220 1953 311 2020; x_wconf 83' lang='lat' dir='ltr'>CXII,</span> <span class='ocrx_word' id='word_1_271' title='bbox 328 1955 400 2009; x_wconf 88' lang='lat' dir='ltr'>haec</span> <span class='ocrx_word' id='word_1_272' title='bbox 417 1954 593 2024; x_wconf 88' lang='lat' dir='ltr'>reperiantur</span> <span class='ocrx_word' id='word_1_273' title='bbox 610 1957 696 2010; x_wconf 88' lang='lat' dir='ltr'>verba</span> <span class='ocrx_word' id='word_1_274' title='bbox 712 1957 748 2010; x_wconf 88' lang='lat' dir='ltr'>ad</span> <span class='ocrx_word' id='word_1_275' title='bbox 768 1973 839 2024; x_wconf 88' lang='lat' dir='ltr'>rem,</span> <span class='ocrx_word' id='word_1_276' title='bbox 859 1973 931 2028; x_wconf 91' lang='lat' dir='ltr'>quae</span> <span class='ocrx_word' id='word_1_277' title='bbox 953 1957 1012 2010; x_wconf 91' lang='lat' dir='ltr'>illis</span> <span class='ocrx_word' id='word_1_278' title='bbox 1030 1956 1152 2010; x_wconf 89' lang='lat' dir='ltr'>traditur</span> <span class='ocrx_word' id='word_1_279' title='bbox 1172 1956 1347 2026; x_wconf 86' lang='lat' dir='ltr'>spectantia:</span> 
     </span>
     <span class='ocr_line' id='line_1_25' title="bbox 168 2020 1350 2096; baseline 0.001 -18"><span class='ocrx_word' id='word_1_280' title='bbox 168 2020 298 2089; x_wconf 75' lang='grc' dir='ltr'><em>θαλάσση</em></span> <span class='ocrx_word' id='word_1_281' title='bbox 316 2023 386 2096; x_wconf 81' lang='grc' dir='ltr'><em>ὑμᾶς</em></span> <span class='ocrx_word' id='word_1_282' title='bbox 403 2027 585 2095; x_wconf 76' lang='grc' dir='ltr'><em>λελουμένους</em></span> <span class='ocrx_word' id='word_1_283' title='bbox 604 2029 642 2084; x_wconf 84' lang='grc' dir='ltr'>εἰς</span> <span class='ocrx_word' id='word_1_284' title='bbox 661 2024 711 2079; x_wconf 89' lang='grc' dir='ltr'><em>τὸν</em></span> <span class='ocrx_word' id='word_1_285' title='bbox 729 2023 896 2096; x_wconf 62' lang='grc' dir='ltr'><em>ἀπόκρυφον</em></span> <span class='ocrx_word' id='word_1_286' title='bbox 914 2025 1005 2080; x_wconf 85' lang='grc' dir='ltr'><em>τόπον</em></span> <span class='ocrx_word' id='word_1_287' title='bbox 1027 2025 1262 2095; x_wconf 73' lang='grc' dir='ltr'><em>ὑποχωρήσαντος</em></span> <span class='ocrx_word' id='word_1_288' title='bbox 1281 2023 1350 2079; x_wconf 77' lang='lat' dir='ltr'>idcir</span> 
     </span>
     <span class='ocr_line' id='line_1_26' title="bbox 170 2077 1349 2162; baseline -0.001 -17"><span class='ocrx_word' id='word_1_289' title='bbox 170 2097 239 2145; x_wconf 91' lang='lat' dir='ltr'>cett.</span> <span class='ocrx_word' id='word_1_290' title='bbox 275 2077 331 2145; x_wconf 85' lang='lat' dir='ltr'>Vix</span> <span class='ocrx_word' id='word_1_291' title='bbox 344 2109 378 2144; x_wconf 89' lang='lat' dir='ltr'>ac</span> <span class='ocrx_word' id='word_1_292' title='bbox 390 2107 426 2144; x_wconf 90' lang='lat' dir='ltr'>ne</span> <span class='ocrx_word' id='word_1_293' title='bbox 438 2090 486 2142; x_wconf 84' lang='lat' dir='ltr'>vix</span> <span class='ocrx_word' id='word_1_294' title='bbox 499 2089 612 2159; x_wconf 89' lang='lat' dir='ltr'>quidem</span> <span class='ocrx_word' id='word_1_295' title='bbox 625 2108 642 2144; x_wconf 90' lang='lat' dir='ltr'>a</span> <span class='ocrx_word' id='word_1_296' title='bbox 654 2109 698 2144; x_wconf 89' lang='lat' dir='ltr'>me</span> <span class='ocrx_word' id='word_1_297' title='bbox 712 2091 862 2162; x_wconf 88' lang='lat' dir='ltr'>impetrare</span> <span class='ocrx_word' id='word_1_298' title='bbox 874 2109 999 2162; x_wconf 89' lang='lat' dir='ltr'>possum,</span> <span class='ocrx_word' id='word_1_299' title='bbox 1013 2097 1045 2144; x_wconf 91' lang='lat' dir='ltr'>ut</span> <span class='ocrx_word' id='word_1_300' title='bbox 1057 2097 1168 2146; x_wconf 89' lang='lat' dir='ltr'>tantam</span> <span class='ocrx_word' id='word_1_301' title='bbox 1181 2091 1270 2145; x_wconf 86' lang='lat' dir='ltr'>fuisse</span> <span class='ocrx_word' id='word_1_302' title='bbox 1279 2091 1349 2162; x_wconf 78' lang='lat' dir='ltr'>Epi-</span> 
     </span>
     <span class='ocr_line' id='line_1_27' title="bbox 169 2157 1348 2230; baseline 0.001 -18"><span class='ocrx_word' id='word_1_303' title='bbox 169 2159 319 2212; x_wconf 88' lang='lat' dir='ltr'>tomatoris</span> <span class='ocrx_word' id='word_1_304' title='bbox 332 2177 366 2212; x_wconf 81' lang='lat' dir='ltr'>ne</span> <span class='ocrx_word' id='word_1_305' title='bbox 390 2157 540 2228; x_wconf 77' lang='lat' dir='ltr'>ligantiam</span> <span class='ocrx_word' id='word_1_306' title='bbox 558 2159 723 2213; x_wconf 84' lang='lat' dir='ltr'>existimem.</span> <span class='ocrx_word' id='word_1_307' title='bbox 760 2159 852 2222; x_wconf 81' lang='lat' dir='ltr'>Quare</span> <span class='ocrx_word' id='word_1_308' title='bbox 871 2177 988 2228; x_wconf 82' lang='lat' dir='ltr'>censae,</span> <span class='ocrx_word' id='word_1_309' title='bbox 1007 2160 1036 2214; x_wconf 90' lang='lat' dir='ltr'>in</span> <span class='ocrx_word' id='word_1_310' title='bbox 1055 2160 1197 2230; x_wconf 85' lang='lat' dir='ltr'>Epitomis</span> <span class='ocrx_word' id='word_1_311' title='bbox 1216 2159 1348 2214; x_wconf 90' lang='lat' dir='ltr'>lacunam</span> 
     </span>
     <span class='ocr_line' id='line_1_28' title="bbox 173 2177 441 2281; baseline -0.019 0"><span class='ocrx_word' id='word_1_312' title='bbox 173 2243 238 2281; x_wconf 87' lang='lat' dir='ltr'>esse</span> <span class='ocrx_word' id='word_1_313' title='bbox 252 2177 441 2280; x_wconf 76' lang='lat' dir='ltr'>statuendam.</span> 
     </span>
    </p>

    <p class='ocr_par' dir='ltr' id='par_1_5' title="bbox 169 2291 1353 4393">
     <span class='ocr_line' id='line_1_29' title="bbox 240 2291 1348 2373; baseline 0.003 -26"><span class='ocrx_word' id='word_1_314' title='bbox 240 2293 271 2346; x_wconf 88' lang='lat' dir='ltr'>P.</span> <span class='ocrx_word' id='word_1_315' title='bbox 283 2295 369 2360; x_wconf 64' lang='lat' dir='ltr'>rem</span> <span class='ocrx_word' id='word_1_316' title='bbox 389 2293 473 2347; x_wconf 84' lang='lat' dir='ltr'>facile</span> <span class='ocrx_word' id='word_1_317' title='bbox 486 2291 590 2362; x_wconf 90' lang='lat' dir='ltr'>aliquis</span> <span class='ocrx_word' id='word_1_318' title='bbox 610 2293 758 2373; x_wconf 80' lang='lat' dir='ltr'>conjiciat:</span> <span class='ocrx_word' id='word_1_319' title='bbox 777 2293 1031 2356; x_wconf 75' lang='grc' dir='ltr'><em>ἐπανελθόντες</em></span> <span class='ocrx_word' id='word_1_320' title='bbox 1048 2295 1097 2356; x_wconf 84' lang='grc' dir='ltr'>τὰς</span> <span class='ocrx_word' id='word_1_321' title='bbox 1115 2303 1245 2364; x_wconf 79' lang='grc' dir='ltr'><em>γυναῖκας</em></span> <span class='ocrx_word' id='word_1_322' title='bbox 1263 2315 1348 2367; x_wconf 89' lang='grc' dir='ltr'><em>παρε-</em></span> 
     </span>
     <span class='ocr_line' id='line_1_30' title="bbox 170 2360 1350 2434; baseline -0.002 -18"><span class='ocrx_word' id='word_1_323' title='bbox 170 2361 298 2434; x_wconf 79' lang='grc' dir='ltr'><em>λάβομεν.</em></span> <span class='ocrx_word' id='word_1_324' title='bbox 334 2361 373 2414; x_wconf 86' lang='lat' dir='ltr'>At</span> <span class='ocrx_word' id='word_1_325' title='bbox 393 2360 524 2430; x_wconf 78' lang='lat' dir='ltr'>equidem</span> <span class='ocrx_word' id='word_1_326' title='bbox 542 2377 599 2415; x_wconf 93' lang='lat' dir='ltr'>non</span> <span class='ocrx_word' id='word_1_327' title='bbox 612 2379 703 2414; x_wconf 84' lang='lat' dir='ltr'>ausim</span> <span class='ocrx_word' id='word_1_328' title='bbox 714 2360 867 2430; x_wconf 87' lang='lat' dir='ltr'>quidquam</span> <span class='ocrx_word' id='word_1_329' title='bbox 879 2367 995 2416; x_wconf 91' lang='lat' dir='ltr'>mutare.</span> <span class='ocrx_word' id='word_1_330' title='bbox 1009 2392 1041 2399; x_wconf 93' lang='lat'><em>-</em></span> <span class='ocrx_word' id='word_1_331' title='bbox 1054 2361 1087 2415; x_wconf 87' lang='lat' dir='ltr'>V.</span> <span class='ocrx_word' id='word_1_332' title='bbox 1100 2361 1118 2413; x_wconf 88' lang='grc'>4</span> <span class='ocrx_word' id='word_1_333' title='bbox 1129 2378 1185 2414; x_wconf 80' lang='grc' dir='ltr'>που</span> <span class='ocrx_word' id='word_1_334' title='bbox 1198 2361 1289 2431; x_wconf 85' lang='lat' dir='ltr'>liquet</span> <span class='ocrx_word' id='word_1_335' title='bbox 1302 2379 1350 2414; x_wconf 92' lang='lat' dir='ltr'>cur</span> 
     </span>
     <span class='ocr_line' id='line_1_31' title="bbox 169 2426 1348 2498; baseline -0.003 -15"><span class='ocrx_word' id='word_1_336' title='bbox 169 2429 333 2483; x_wconf 90' lang='lat' dir='ltr'>Dresselius</span> <span class='ocrx_word' id='word_1_337' title='bbox 353 2428 460 2483; x_wconf 89' lang='lat' dir='ltr'>codicis</span> <span class='ocrx_word' id='word_1_338' title='bbox 478 2426 501 2480; x_wconf 94' lang='lat' dir='ltr'><em>O</em></span> <span class='ocrx_word' id='word_1_339' title='bbox 520 2431 700 2498; x_wconf 83' lang='lat' dir='ltr'>scripturam:</span> <span class='ocrx_word' id='word_1_340' title='bbox 726 2435 770 2483; x_wconf 81' lang='grc' dir='ltr'>καὶ</span> <span class='ocrx_word' id='word_1_341' title='bbox 788 2427 899 2490; x_wconf 81' lang='grc' dir='ltr'><em>ταύταις</em></span> <span class='ocrx_word' id='word_1_342' title='bbox 917 2437 975 2491; x_wconf 87' lang='grc' dir='ltr'><em>ταῖς</em></span> <span class='ocrx_word' id='word_1_343' title='bbox 1012 2433 1128 2492; x_wconf 81' lang='grc' dir='ltr'><em>υναιξὶν,</em></span> <span class='ocrx_word' id='word_1_344' title='bbox 1147 2427 1348 2497; x_wconf 88' lang='lat' dir='ltr'>posthabuerit</span> 
     </span>
     <span class='ocr_line' id='line_1_32' title="bbox 170 2495 1347 2568; baseline -0.003 -16"><span class='ocrx_word' id='word_1_345' title='bbox 170 2497 206 2565; x_wconf 87' lang='lat' dir='ltr'>ei,</span> <span class='ocrx_word' id='word_1_346' title='bbox 221 2515 294 2568; x_wconf 87' lang='lat' dir='ltr'>quae</span> <span class='ocrx_word' id='word_1_347' title='bbox 307 2497 393 2551; x_wconf 91' lang='lat' dir='ltr'>estin</span> <span class='ocrx_word' id='word_1_348' title='bbox 406 2495 506 2550; x_wconf 90' lang='lat' dir='ltr'>codice</span> <span class='ocrx_word' id='word_1_349' title='bbox 519 2495 554 2550; x_wconf 78' lang='lat'>0:</span> <span class='ocrx_word' id='word_1_350' title='bbox 568 2503 612 2552; x_wconf 84' lang='grc' dir='ltr'>καὶ</span> <span class='ocrx_word' id='word_1_351' title='bbox 625 2505 684 2558; x_wconf 74' lang='grc' dir='ltr'><em>ταῖς</em></span> <span class='ocrx_word' id='word_1_352' title='bbox 695 2497 792 2558; x_wconf 83' lang='grc' dir='ltr'><em>αὐταῖς</em></span> <span class='ocrx_word' id='word_1_353' title='bbox 803 2501 938 2566; x_wconf 79' lang='grc' dir='ltr'><em>γυναιξὶν.</em></span> <span class='ocrx_word' id='word_1_354' title='bbox 1003 2502 1083 2550; x_wconf 91' lang='lat' dir='ltr'>eutra</span> <span class='ocrx_word' id='word_1_355' title='bbox 1100 2503 1195 2550; x_wconf 83' lang='lat' dir='ltr'>tamen</span> <span class='ocrx_word' id='word_1_356' title='bbox 1213 2501 1280 2566; x_wconf 88' lang='lat' dir='ltr'>apta</span> <span class='ocrx_word' id='word_1_357' title='bbox 1294 2502 1347 2550; x_wconf 88' lang='lat' dir='ltr'>est.</span> 
     </span>
     <span class='ocr_line' id='line_1_33' title="bbox 170 2563 1347 2644; baseline -0.003 -24"><span class='ocrx_word' id='word_1_358' title='bbox 170 2567 241 2620; x_wconf 85' lang='lat' dir='ltr'>Erat</span> <span class='ocrx_word' id='word_1_359' title='bbox 254 2564 327 2618; x_wconf 89' lang='lat' dir='ltr'>enim</span> <span class='ocrx_word' id='word_1_360' title='bbox 341 2570 431 2618; x_wconf 89' lang='lat' dir='ltr'>mater</span> <span class='ocrx_word' id='word_1_361' title='bbox 443 2565 518 2618; x_wconf 89' lang='lat' dir='ltr'>inter</span> <span class='ocrx_word' id='word_1_362' title='bbox 530 2565 608 2634; x_wconf 89' lang='lat' dir='ltr'>ipsas</span> <span class='ocrx_word' id='word_1_363' title='bbox 621 2565 753 2618; x_wconf 89' lang='lat' dir='ltr'>mulieres</span> <span class='ocrx_word' id='word_1_364' title='bbox 766 2569 852 2618; x_wconf 88' lang='lat' dir='ltr'>antea</span> <span class='ocrx_word' id='word_1_365' title='bbox 865 2570 1105 2618; x_wconf 87' lang='lat' dir='ltr'>commemoratas.</span> <span class='ocrx_word' id='word_1_366' title='bbox 1129 2565 1162 2616; x_wconf 93' lang='lat' dir='ltr'>In</span> <span class='ocrx_word' id='word_1_367' title='bbox 1173 2563 1250 2633; x_wconf 85' lang='lat' dir='ltr'>Epit.</span> <span class='ocrx_word' id='word_1_368' title='bbox 1261 2563 1347 2644; x_wconf 89' lang='lat' dir='ltr'>prior.</span> 
     </span>
     <span class='ocr_line' id='line_1_34' title="bbox 172 2631 1350 2701; baseline -0.002 -15"><span class='ocrx_word' id='word_1_369' title='bbox 172 2633 202 2688; x_wconf 83' lang='lat' dir='ltr'>C.</span> <span class='ocrx_word' id='word_1_370' title='bbox 222 2631 274 2685; x_wconf 83' lang='lat' dir='ltr'>CX</span> <span class='ocrx_word' id='word_1_371' title='bbox 291 2631 363 2685; x_wconf 88' lang='lat' dir='ltr'>nihil</span> <span class='ocrx_word' id='word_1_372' title='bbox 384 2641 428 2686; x_wconf 87' lang='lat' dir='ltr'>est</span> <span class='ocrx_word' id='word_1_373' title='bbox 448 2631 517 2684; x_wconf 90' lang='lat' dir='ltr'>nisi:</span> <span class='ocrx_word' id='word_1_374' title='bbox 544 2639 588 2688; x_wconf 85' lang='grc' dir='ltr'>καὶ</span> <span class='ocrx_word' id='word_1_375' title='bbox 610 2632 727 2693; x_wconf 84' lang='grc' dir='ltr'><em>ταύταις.</em></span> <span class='ocrx_word' id='word_1_376' title='bbox 763 2631 903 2700; x_wconf 85' lang='lat' dir='ltr'>Equidem</span> <span class='ocrx_word' id='word_1_377' title='bbox 926 2649 1042 2699; x_wconf 89' lang='lat' dir='ltr'>censeo,</span> <span class='ocrx_word' id='word_1_378' title='bbox 1064 2633 1195 2701; x_wconf 87' lang='lat' dir='ltr'>primitus</span> <span class='ocrx_word' id='word_1_379' title='bbox 1214 2637 1350 2701; x_wconf 83' lang='lat' dir='ltr'>scriptum</span> 
     </span>
     <span class='ocr_line' id='line_1_35' title="bbox 172 2700 1350 2780; baseline -0.003 -24"><span class='ocrx_word' id='word_1_380' title='bbox 172 2700 277 2756; x_wconf 87' lang='lat' dir='ltr'>fuisse:</span> <span class='ocrx_word' id='word_1_381' title='bbox 295 2700 400 2780; x_wconf 69' lang='grc' dir='ltr'><em>μόνοις</em></span> <span class='ocrx_word' id='word_1_382' title='bbox 417 2700 484 2774; x_wconf 76' lang='grc' dir='ltr'><em>ἡμῖν</em></span> <span class='ocrx_word' id='word_1_383' title='bbox 497 2709 620 2755; x_wconf 85' lang='grc' dir='ltr'><em>συνεῖναι</em></span> <span class='ocrx_word' id='word_1_384' title='bbox 639 2704 672 2774; x_wconf 82' lang='grc' dir='ltr'>τῇ</span> <span class='ocrx_word' id='word_1_385' title='bbox 689 2706 773 2772; x_wconf 80' lang='grc' dir='ltr'><em>μητρὶ</em></span> <span class='ocrx_word' id='word_1_386' title='bbox 791 2704 955 2770; x_wconf 68' lang='grc' dir='ltr'><em>ἐπέτρεψεν,</em></span> <span class='ocrx_word' id='word_1_387' title='bbox 978 2701 1088 2768; x_wconf 91' lang='lat' dir='ltr'>reliqua</span> <span class='ocrx_word' id='word_1_388' title='bbox 1109 2705 1202 2752; x_wconf 82' lang='lat' dir='ltr'>autem</span> <span class='ocrx_word' id='word_1_389' title='bbox 1215 2701 1304 2752; x_wconf 86' lang='lat' dir='ltr'>verba</span> <span class='ocrx_word' id='word_1_390' title='bbox 1316 2717 1350 2752; x_wconf 82' lang='lat' dir='ltr'>ex</span> 
     </span>
     <span class='ocr_line' id='line_1_36' title="bbox 171 2766 1349 2838; baseline -0.002 -16"><span class='ocrx_word' id='word_1_391' title='bbox 171 2769 358 2822; x_wconf 78' lang='lat' dir='ltr'>adnotatione</span> <span class='ocrx_word' id='word_1_392' title='bbox 374 2767 539 2820; x_wconf 83' lang='lat' dir='ltr'>correctoris</span> <span class='ocrx_word' id='word_1_393' title='bbox 552 2769 625 2820; x_wconf 86' lang='lat' dir='ltr'>male</span> <span class='ocrx_word' id='word_1_394' title='bbox 639 2767 730 2820; x_wconf 90' lang='lat' dir='ltr'>seduli</span> <span class='ocrx_word' id='word_1_395' title='bbox 744 2773 806 2821; x_wconf 90' lang='lat' dir='ltr'>orta</span> <span class='ocrx_word' id='word_1_396' title='bbox 818 2784 890 2821; x_wconf 89' lang='lat' dir='ltr'>esse.</span> <span class='ocrx_word' id='word_1_397' title='bbox 908 2799 938 2807; x_wconf 90' lang='lat'><em>-</em></span> <span class='ocrx_word' id='word_1_398' title='bbox 953 2768 1016 2823; x_wconf 73' lang='lat' dir='ltr'>Va</span> <span class='ocrx_word' id='word_1_399' title='bbox 1035 2785 1108 2838; x_wconf 90' lang='lat' dir='ltr'>quae</span> <span class='ocrx_word' id='word_1_400' title='bbox 1122 2769 1186 2836; x_wconf 89' lang='lat' dir='ltr'>jure</span> <span class='ocrx_word' id='word_1_401' title='bbox 1203 2783 1237 2820; x_wconf 86' lang='lat' dir='ltr'>ex</span> <span class='ocrx_word' id='word_1_402' title='bbox 1251 2766 1349 2820; x_wconf 88' lang='lat' dir='ltr'>codice</span> 
     </span>
     <span class='ocr_line' id='line_1_37' title="bbox 173 2833 1349 2909; baseline 0 -21"><span class='ocrx_word' id='word_1_403' title='bbox 173 2835 326 2904; x_wconf 88' lang='lat' dir='ltr'>Orecepta</span> <span class='ocrx_word' id='word_1_404' title='bbox 338 2841 383 2888; x_wconf 91' lang='lat' dir='ltr'>est</span> <span class='ocrx_word' id='word_1_405' title='bbox 401 2840 430 2888; x_wconf 88' lang='lat' dir='ltr'>et</span> <span class='ocrx_word' id='word_1_406' title='bbox 446 2835 476 2887; x_wconf 91' lang='lat' dir='ltr'>in</span> <span class='ocrx_word' id='word_1_407' title='bbox 494 2834 569 2904; x_wconf 84' lang='lat' dir='ltr'>Epit.</span> <span class='ocrx_word' id='word_1_408' title='bbox 587 2833 671 2904; x_wconf 90' lang='lat' dir='ltr'>prior.</span> <span class='ocrx_word' id='word_1_409' title='bbox 690 2833 720 2886; x_wconf 84' lang='lat' dir='ltr'>C.</span> <span class='ocrx_word' id='word_1_410' title='bbox 735 2833 787 2886; x_wconf 83' lang='lat' dir='ltr'>CX</span> <span class='ocrx_word' id='word_1_411' title='bbox 799 2835 949 2904; x_wconf 88' lang='lat' dir='ltr'>reperitur,</span> <span class='ocrx_word' id='word_1_412' title='bbox 967 2835 1086 2889; x_wconf 88' lang='lat' dir='ltr'>formam</span> <span class='ocrx_word' id='word_1_413' title='bbox 1106 2834 1349 2909; x_wconf 79' lang='grc' dir='ltr'><em>συνειστιάθημεν,</em></span> 
     </span>
     <span class='ocr_line' id='line_1_38' title="bbox 173 2901 1349 2974; baseline -0.002 -18"><span class='ocrx_word' id='word_1_414' title='bbox 173 2903 284 2956; x_wconf 89' lang='lat' dir='ltr'>mireris</span> <span class='ocrx_word' id='word_1_415' title='bbox 302 2919 360 2955; x_wconf 90' lang='lat' dir='ltr'>non</span> <span class='ocrx_word' id='word_1_416' title='bbox 380 2902 533 2974; x_wconf 85' lang='lat' dir='ltr'>repositam</span> <span class='ocrx_word' id='word_1_417' title='bbox 554 2903 583 2955; x_wconf 93' lang='lat' dir='ltr'>in</span> <span class='ocrx_word' id='word_1_418' title='bbox 601 2902 676 2972; x_wconf 88' lang='lat' dir='ltr'>Epit.</span> <span class='ocrx_word' id='word_1_419' title='bbox 695 2903 775 2956; x_wconf 88' lang='lat' dir='ltr'>alter.</span> <span class='ocrx_word' id='word_1_420' title='bbox 790 2901 820 2956; x_wconf 82' lang='lat' dir='ltr'>C.</span> <span class='ocrx_word' id='word_1_421' title='bbox 840 2901 898 2956; x_wconf 83' lang='lat' dir='ltr'>CX.</span> <span class='ocrx_word' id='word_1_422' title='bbox 914 2935 947 2942; x_wconf 91' lang='lat'><em>-</em></span> <span class='ocrx_word' id='word_1_423' title='bbox 965 2903 998 2957; x_wconf 90' lang='lat' dir='ltr'>V.</span> <span class='ocrx_word' id='word_1_424' title='bbox 1013 2904 1046 2956; x_wconf 88' lang='lat'>10</span> <span class='ocrx_word' id='word_1_425' title='bbox 1062 2910 1118 2967; x_wconf 83' lang='grc' dir='ltr'><em>καὶ,</em></span> <span class='ocrx_word' id='word_1_426' title='bbox 1138 2903 1215 2971; x_wconf 88' lang='lat' dir='ltr'>quod</span> <span class='ocrx_word' id='word_1_427' title='bbox 1227 2909 1271 2955; x_wconf 85' lang='lat' dir='ltr'>est</span> <span class='ocrx_word' id='word_1_428' title='bbox 1283 2906 1349 2955; x_wconf 87' lang='lat' dir='ltr'>ante</span> 
     </span>
     <span class='ocr_line' id='line_1_39' title="bbox 170 2969 1350 3041; baseline -0.005 -14"><span class='ocrx_word' id='word_1_429' title='bbox 170 2978 321 3032; x_wconf 67' lang='grc' dir='ltr'><em>καθεσθείς</em></span> <span class='ocrx_word' id='word_1_430' title='bbox 339 2987 394 3024; x_wconf 87' lang='lat' dir='ltr'>non</span> <span class='ocrx_word' id='word_1_431' title='bbox 407 2970 480 3024; x_wconf 90' lang='lat' dir='ltr'>male</span> <span class='ocrx_word' id='word_1_432' title='bbox 494 2969 634 3024; x_wconf 89' lang='lat' dir='ltr'>omittitur</span> <span class='ocrx_word' id='word_1_433' title='bbox 646 2971 760 3041; x_wconf 89' lang='lat' dir='ltr'>inEpit.</span> <span class='ocrx_word' id='word_1_434' title='bbox 777 2971 922 3040; x_wconf 90' lang='lat' dir='ltr'>utriusque</span> <span class='ocrx_word' id='word_1_435' title='bbox 936 2969 965 3027; x_wconf 80' lang='lat' dir='ltr'>O.</span> <span class='ocrx_word' id='word_1_436' title='bbox 979 2970 1054 3026; x_wconf 81' lang='lat' dir='ltr'>cxl:</span> <span class='ocrx_word' id='word_1_437' title='bbox 1072 3001 1105 3010; x_wconf 84' lang='lat'>——</span> <span class='ocrx_word' id='word_1_438' title='bbox 1124 2970 1157 3025; x_wconf 87' lang='lat' dir='ltr'>V.</span> <span class='ocrx_word' id='word_1_439' title='bbox 1181 2971 1213 3022; x_wconf 76' lang='lat'>12</span> <span class='ocrx_word' id='word_1_440' title='bbox 1234 2969 1350 3023; x_wconf 86' lang='lat' dir='ltr'>tolerari</span> 
     </span>
     <span class='ocr_line' id='line_1_40' title="bbox 173 3037 1349 3158; baseline -0.003 -66"><span class='ocrx_word' id='word_1_441' title='bbox 173 3038 275 3108; x_wconf 90' lang='lat' dir='ltr'>nequit</span> <span class='ocrx_word' id='word_1_442' title='bbox 286 3045 343 3101; x_wconf 80' lang='grc' dir='ltr'><em>καὶ,</em></span> <span class='ocrx_word' id='word_1_443' title='bbox 363 3041 439 3158; x_wconf 75' lang='lat' dir='ltr'>quod</span> <span class='ocrx_word' id='word_1_444' title='bbox 452 3044 496 3091; x_wconf 88' lang='lat' dir='ltr'>est</span> <span class='ocrx_word' id='word_1_445' title='bbox 513 3043 578 3092; x_wconf 91' lang='lat' dir='ltr'>ante</span> <span class='ocrx_word' id='word_1_446' title='bbox 591 3039 686 3106; x_wconf 77' lang='grc' dir='ltr'><em>αὐτός,</em></span> <span class='ocrx_word' id='word_1_447' title='bbox 703 3040 732 3092; x_wconf 89' lang='lat' dir='ltr'>in</span> <span class='ocrx_word' id='word_1_448' title='bbox 745 3039 820 3108; x_wconf 89' lang='lat' dir='ltr'>Epit.</span> <span class='ocrx_word' id='word_1_449' title='bbox 833 3041 977 3108; x_wconf 85' lang='lat' dir='ltr'>utriusque</span> <span class='ocrx_word' id='word_1_450' title='bbox 991 3039 1021 3094; x_wconf 77' lang='lat' dir='ltr'>C.</span> <span class='ocrx_word' id='word_1_451' title='bbox 1035 3037 1102 3092; x_wconf 79' lang='lat' dir='ltr'>CXI</span> <span class='ocrx_word' id='word_1_452' title='bbox 1114 3047 1192 3093; x_wconf 82' lang='lat' dir='ltr'>recte</span> <span class='ocrx_word' id='word_1_453' title='bbox 1205 3037 1349 3092; x_wconf 90' lang='lat' dir='ltr'>transmis-</span> 
     </span>
     <span class='ocr_line' id='line_1_41' title="bbox 173 3105 1351 3181; baseline 0.002 -23"><span class='ocrx_word' id='word_1_454' title='bbox 173 3123 244 3158; x_wconf 86' lang='lat' dir='ltr'>sum.</span> <span class='ocrx_word' id='word_1_455' title='bbox 257 3137 291 3145; x_wconf 87' lang='lat'>—-</span> <span class='ocrx_word' id='word_1_456' title='bbox 303 3105 336 3159; x_wconf 94' lang='lat' dir='ltr'>V.</span> <span class='ocrx_word' id='word_1_457' title='bbox 353 3109 362 3157; x_wconf 94' lang='lat' dir='ltr'>l</span> <span class='ocrx_word' id='word_1_458' title='bbox 396 3124 438 3176; x_wconf 88' lang='lat' dir='ltr'>sq.</span> <span class='ocrx_word' id='word_1_459' title='bbox 452 3106 594 3160; x_wconf 90' lang='lat' dir='ltr'>Homiliae</span> <span class='ocrx_word' id='word_1_460' title='bbox 610 3105 733 3160; x_wconf 88' lang='lat' dir='ltr'>habent:</span> <span class='ocrx_word' id='word_1_461' title='bbox 752 3105 807 3176; x_wconf 82' lang='grc' dir='ltr'>άμο</span> <span class='ocrx_word' id='word_1_462' title='bbox 826 3109 865 3174; x_wconf 82' lang='grc' dir='ltr'>τῷ</span> <span class='ocrx_word' id='word_1_463' title='bbox 879 3109 960 3181; x_wconf 75' lang='grc' dir='ltr'><em>ὑμᾶς,</em></span> <span class='ocrx_word' id='word_1_464' title='bbox 975 3115 1070 3178; x_wconf 58' lang='lat' dir='ltr'>«mols,</span> <span class='ocrx_word' id='word_1_465' title='bbox 1083 3107 1248 3176; x_wconf 75' lang='grc' dir='ltr'><em>ἀποστῆναι,</em></span> <span class='ocrx_word' id='word_1_466' title='bbox 1260 3111 1351 3178; x_wconf 85' lang='grc' dir='ltr'><em>γέρων</em></span> 
     </span>
     <span class='ocr_line' id='line_1_42' title="bbox 172 3173 1349 3247; baseline -0.003 -18"><span class='ocrx_word' id='word_1_467' title='bbox 172 3173 339 3230; x_wconf 67' lang='grc' dir='ltr'><em>συνεισιέιέ</em></span> <span class='ocrx_word' id='word_1_468' title='bbox 375 3173 446 3242; x_wconf 85' lang='grc' dir='ltr'><em>άτης,</em></span> <span class='ocrx_word' id='word_1_469' title='bbox 462 3179 614 3247; x_wconf 78' lang='grc' dir='ltr'><em>περιέργως</em></span> <span class='ocrx_word' id='word_1_470' title='bbox 625 3179 754 3229; x_wconf 85' lang='grc' dir='ltr'><em>κλέπτων</em></span> <span class='ocrx_word' id='word_1_471' title='bbox 767 3174 877 3235; x_wconf 79' lang='grc' dir='ltr'><em>ἑαυτόν,</em></span> <span class='ocrx_word' id='word_1_472' title='bbox 896 3175 973 3242; x_wconf 93' lang='lat' dir='ltr'>quod</span> <span class='ocrx_word' id='word_1_473' title='bbox 991 3177 1083 3244; x_wconf 89' lang='lat' dir='ltr'>ipsum</span> <span class='ocrx_word' id='word_1_474' title='bbox 1101 3181 1145 3228; x_wconf 92' lang='lat' dir='ltr'>est</span> <span class='ocrx_word' id='word_1_475' title='bbox 1161 3177 1190 3227; x_wconf 92' lang='lat' dir='ltr'>in</span> <span class='ocrx_word' id='word_1_476' title='bbox 1204 3175 1349 3240; x_wconf 87' lang='lat' dir='ltr'>utriusque</span> 
     </span>
     <span class='ocr_line' id='line_1_43' title="bbox 172 3197 1349 3312; baseline 0.001 -19"><span class='ocrx_word' id='word_1_477' title='bbox 172 3241 250 3310; x_wconf 84' lang='lat' dir='ltr'>Epit.</span> <span class='ocrx_word' id='word_1_478' title='bbox 264 3197 294 3294; x_wconf 74' lang='lat' dir='ltr'>(i.</span> <span class='ocrx_word' id='word_1_479' title='bbox 363 3241 384 3308; x_wconf 89' lang='lat' dir='ltr'>I,</span> <span class='ocrx_word' id='word_1_480' title='bbox 401 3240 457 3293; x_wconf 88' lang='lat' dir='ltr'>nisi</span> <span class='ocrx_word' id='word_1_481' title='bbox 471 3227 553 3312; x_wconf 84' lang='lat' dir='ltr'>quod</span> <span class='ocrx_word' id='word_1_482' title='bbox 563 3241 592 3293; x_wconf 93' lang='lat' dir='ltr'>in</span> <span class='ocrx_word' id='word_1_483' title='bbox 604 3240 679 3310; x_wconf 82' lang='lat' dir='ltr'>Epis.</span> <span class='ocrx_word' id='word_1_484' title='bbox 692 3241 785 3310; x_wconf 86' lang='lat' dir='ltr'>priore</span> <span class='ocrx_word' id='word_1_485' title='bbox 800 3241 936 3306; x_wconf 88' lang='lat' dir='ltr'>scriptum</span> <span class='ocrx_word' id='word_1_486' title='bbox 953 3242 1104 3310; x_wconf 87' lang='lat' dir='ltr'>reperitur:</span> <span class='ocrx_word' id='word_1_487' title='bbox 1118 3243 1275 3307; x_wconf 67' lang='lat' dir='ltr'>annurtiant</span> <span class='ocrx_word' id='word_1_488' title='bbox 1284 3261 1349 3311; x_wconf 83' lang='grc' dir='ltr'><em>μου,</em></span> 
     </span>
     <span class='ocr_line' id='line_1_44' title="bbox 170 3307 1351 3382; baseline -0.002 -18"><span class='ocrx_word' id='word_1_489' title='bbox 170 3317 263 3382; x_wconf 89' lang='grc' dir='ltr'><em>γέρων</em></span> <span class='ocrx_word' id='word_1_490' title='bbox 276 3315 317 3369; x_wconf 79' lang='grc' dir='ltr'>τὶς</span> <span class='ocrx_word' id='word_1_491' title='bbox 330 3308 391 3373; x_wconf 84' lang='lat' dir='ltr'>(sic)</span> <span class='ocrx_word' id='word_1_492' title='bbox 406 3307 501 3376; x_wconf 85' lang='grc' dir='ltr'><em>συνήει</em></span> <span class='ocrx_word' id='word_1_493' title='bbox 514 3315 666 3381; x_wconf 73' lang='grc' dir='ltr'><em>περίεργος,</em></span> <span class='ocrx_word' id='word_1_494' title='bbox 680 3313 719 3362; x_wconf 89' lang='grc' dir='ltr'>κλ.</span> <span class='ocrx_word' id='word_1_495' title='bbox 733 3310 763 3371; x_wconf 69' lang='grc' dir='ltr'>ἑ,</span> <span class='ocrx_word' id='word_1_496' title='bbox 777 3314 806 3361; x_wconf 90' lang='lat' dir='ltr'>et</span> <span class='ocrx_word' id='word_1_497' title='bbox 818 3307 848 3360; x_wconf 91' lang='lat' dir='ltr'>in</span> <span class='ocrx_word' id='word_1_498' title='bbox 856 3307 934 3377; x_wconf 87' lang='lat' dir='ltr'>Epit.</span> <span class='ocrx_word' id='word_1_499' title='bbox 947 3309 1051 3362; x_wconf 90' lang='lat' dir='ltr'>altera:</span> <span class='ocrx_word' id='word_1_500' title='bbox 1071 3307 1191 3379; x_wconf 70' lang='grc' dir='ltr'><em>ἐργάτης,</em></span> <span class='ocrx_word' id='word_1_501' title='bbox 1206 3313 1351 3378; x_wconf 79' lang='grc' dir='ltr'><em>περέεογος</em></span> 
     </span>
     <span class='ocr_line' id='line_1_45' title="bbox 171 3355 1350 3446; baseline -0.003 -14"><span class='ocrx_word' id='word_1_502' title='bbox 171 3383 212 3432; x_wconf 76' lang='lat' dir='ltr'>al.</span> <span class='ocrx_word' id='word_1_503' title='bbox 221 3379 241 3430; x_wconf 81' lang='grc' dir='ltr'>έ.</span> <span class='ocrx_word' id='word_1_504' title='bbox 253 3375 353 3430; x_wconf 81' lang='lat' dir='ltr'>Facile</span> <span class='ocrx_word' id='word_1_505' title='bbox 363 3366 488 3446; x_wconf 85' lang='lat' dir='ltr'>appare&#39;t,</span> <span class='ocrx_word' id='word_1_506' title='bbox 495 3377 614 3428; x_wconf 86' lang='lat' dir='ltr'>alteram</span> <span class='ocrx_word' id='word_1_507' title='bbox 622 3377 771 3430; x_wconf 87' lang='lat' dir='ltr'>verborum</span> <span class='ocrx_word' id='word_1_508' title='bbox 780 3382 890 3444; x_wconf 88' lang='lat' dir='ltr'>partem</span> <span class='ocrx_word' id='word_1_509' title='bbox 897 3378 1001 3446; x_wconf 89' lang='lat' dir='ltr'>optime</span> <span class='ocrx_word' id='word_1_510' title='bbox 1009 3383 1151 3428; x_wconf 87' lang='lat' dir='ltr'>servatam</span> <span class='ocrx_word' id='word_1_511' title='bbox 1161 3390 1224 3428; x_wconf 89' lang='lat' dir='ltr'>esse</span> <span class='ocrx_word' id='word_1_512' title='bbox 1232 3375 1260 3426; x_wconf 91' lang='lat' dir='ltr'>in</span> <span class='ocrx_word' id='word_1_513' title='bbox 1269 3355 1350 3429; x_wconf 85' lang='lat' dir='ltr'>libris</span> 
     </span>
     <span class='ocr_line' id='line_1_46' title="bbox 173 3441 1350 3514; baseline -0.001 -18"><span class='ocrx_word' id='word_1_514' title='bbox 173 3461 255 3498; x_wconf 88' lang='lat' dir='ltr'>mser.</span> <span class='ocrx_word' id='word_1_515' title='bbox 269 3443 465 3497; x_wconf 89' lang='lat' dir='ltr'>Homiliarum.</span> <span class='ocrx_word' id='word_1_516' title='bbox 481 3442 611 3513; x_wconf 82' lang='grc' dir='ltr'><em>Ἐργάτης</em></span> <span class='ocrx_word' id='word_1_517' title='bbox 626 3453 654 3498; x_wconf 88' lang='lat' dir='ltr'>et</span> <span class='ocrx_word' id='word_1_518' title='bbox 667 3449 819 3514; x_wconf 71' lang='grc' dir='ltr'><em>περιέργως</em></span> <span class='ocrx_word' id='word_1_519' title='bbox 832 3445 917 3497; x_wconf 90' lang='lat' dir='ltr'>etiam</span> <span class='ocrx_word' id='word_1_520' title='bbox 929 3441 1049 3496; x_wconf 90' lang='lat' dir='ltr'>Rufinus</span> <span class='ocrx_word' id='word_1_521' title='bbox 1066 3443 1202 3512; x_wconf 87' lang='lat' dir='ltr'>scriptum</span> <span class='ocrx_word' id='word_1_522' title='bbox 1216 3444 1350 3510; x_wconf 89' lang='lat' dir='ltr'>repperit,</span> 
     </span>
     <span class='ocr_line' id='line_1_47' title="bbox 173 3509 1349 3581; baseline -0.003 -16"><span class='ocrx_word' id='word_1_523' title='bbox 173 3512 256 3580; x_wconf 86' lang='lat' dir='ltr'>cujus</span> <span class='ocrx_word' id='word_1_524' title='bbox 269 3511 340 3566; x_wconf 87' lang='lat' dir='ltr'>haec</span> <span class='ocrx_word' id='word_1_525' title='bbox 355 3519 420 3564; x_wconf 87' lang='lat' dir='ltr'>sunt</span> <span class='ocrx_word' id='word_1_526' title='bbox 431 3510 519 3564; x_wconf 84' lang='lat' dir='ltr'>verba</span> <span class='ocrx_word' id='word_1_527' title='bbox 530 3513 559 3564; x_wconf 87' lang='lat' dir='ltr'>in</span> <span class='ocrx_word' id='word_1_528' title='bbox 571 3511 719 3581; x_wconf 85' lang='lat' dir='ltr'>Recognit.</span> <span class='ocrx_word' id='word_1_529' title='bbox 733 3511 814 3577; x_wconf 91' lang='lat' dir='ltr'>VIII,</span> <span class='ocrx_word' id='word_1_530' title='bbox 825 3513 855 3564; x_wconf 87' lang='lat'>1:</span> <span class='ocrx_word' id='word_1_531' title='bbox 870 3511 982 3577; x_wconf 83' lang='lat' dir='ltr'>„Senex</span> <span class='ocrx_word' id='word_1_532' title='bbox 995 3517 1089 3564; x_wconf 88' lang='lat' dir='ltr'>autem</span> <span class='ocrx_word' id='word_1_533' title='bbox 1103 3509 1219 3580; x_wconf 89' lang='lat' dir='ltr'>quidam</span> <span class='ocrx_word' id='word_1_534' title='bbox 1231 3527 1349 3578; x_wconf 88' lang='lat' dir='ltr'>pauper,</span> 
     </span>
     <span class='ocr_line' id='line_1_48' title="bbox 174 3576 1350 3649; baseline -0.003 -16"><span class='ocrx_word' id='word_1_535' title='bbox 174 3586 203 3633; x_wconf 87' lang='lat' dir='ltr'>et</span> <span class='ocrx_word' id='word_1_536' title='bbox 220 3586 252 3632; x_wconf 90' lang='lat' dir='ltr'>ut</span> <span class='ocrx_word' id='word_1_537' title='bbox 273 3581 433 3649; x_wconf 87' lang='lat' dir='ltr'>apparebat</span> <span class='ocrx_word' id='word_1_538' title='bbox 453 3595 487 3632; x_wconf 84' lang='lat' dir='ltr'>ex</span> <span class='ocrx_word' id='word_1_539' title='bbox 505 3577 606 3632; x_wconf 92' lang='lat' dir='ltr'>habitu</span> <span class='ocrx_word' id='word_1_540' title='bbox 624 3581 784 3648; x_wconf 87' lang='lat' dir='ltr'>operarius,</span> <span class='ocrx_word' id='word_1_541' title='bbox 807 3579 915 3633; x_wconf 87' lang='lat' dir='ltr'>curiose</span> <span class='ocrx_word' id='word_1_542' title='bbox 936 3595 971 3632; x_wconf 87' lang='lat' dir='ltr'>ex</span> <span class='ocrx_word' id='word_1_543' title='bbox 995 3577 1108 3632; x_wconf 90' lang='lat' dir='ltr'>occulto</span> <span class='ocrx_word' id='word_1_544' title='bbox 1131 3576 1280 3631; x_wconf 86' lang='lat' dir='ltr'>observare</span> <span class='ocrx_word' id='word_1_545' title='bbox 1298 3595 1350 3630; x_wconf 85' lang='lat' dir='ltr'>nos</span> 
     </span>
     <span class='ocr_line' id='line_1_49' title="bbox 174 3645 1350 3716; baseline -0.002 -16"><span class='ocrx_word' id='word_1_546' title='bbox 174 3646 298 3716; x_wconf 84' lang='lat' dir='ltr'>coepit.“</span> <span class='ocrx_word' id='word_1_547' title='bbox 319 3648 357 3700; x_wconf 90' lang='lat' dir='ltr'>At</span> <span class='ocrx_word' id='word_1_548' title='bbox 374 3645 471 3698; x_wconf 91' lang='lat' dir='ltr'>mirum</span> <span class='ocrx_word' id='word_1_549' title='bbox 486 3653 537 3712; x_wconf 88' lang='lat' dir='ltr'>est,</span> <span class='ocrx_word' id='word_1_550' title='bbox 550 3645 728 3700; x_wconf 88' lang='lat' dir='ltr'>nullumdum</span> <span class='ocrx_word' id='word_1_551' title='bbox 741 3647 894 3701; x_wconf 84' lang='lat' dir='ltr'>offendisse</span> <span class='ocrx_word' id='word_1_552' title='bbox 906 3647 935 3699; x_wconf 92' lang='lat' dir='ltr'>in</span> <span class='ocrx_word' id='word_1_553' title='bbox 947 3646 1088 3700; x_wconf 87' lang='lat' dir='ltr'>vocabulo</span> <span class='ocrx_word' id='word_1_554' title='bbox 1101 3646 1266 3713; x_wconf 78' lang='grc' dir='ltr'><em>ἀποστῆναι.</em></span> <span class='ocrx_word' id='word_1_555' title='bbox 1285 3645 1350 3700; x_wconf 87' lang='lat' dir='ltr'>Jam</span> 
     </span>
     <span class='ocr_line' id='line_1_50' title="bbox 172 3712 1351 3786; baseline -0.001 -19"><span class='ocrx_word' id='word_1_556' title='bbox 172 3731 261 3767; x_wconf 86' lang='lat' dir='ltr'>unum</span> <span class='ocrx_word' id='word_1_557' title='bbox 274 3715 365 3768; x_wconf 93' lang='lat' dir='ltr'>solum</span> <span class='ocrx_word' id='word_1_558' title='bbox 377 3713 495 3768; x_wconf 87' lang='lat' dir='ltr'>verbum</span> <span class='ocrx_word' id='word_1_559' title='bbox 512 3712 650 3786; x_wconf 81' lang='grc' dir='ltr'><em>συνεισῄει</em></span> <span class='ocrx_word' id='word_1_560' title='bbox 669 3723 824 3769; x_wconf 84' lang='lat' dir='ltr'>monstrare</span> <span class='ocrx_word' id='word_1_561' title='bbox 837 3720 962 3785; x_wconf 87' lang='lat' dir='ltr'>poterat,</span> <span class='ocrx_word' id='word_1_562' title='bbox 980 3713 1052 3767; x_wconf 93' lang='lat' dir='ltr'>illud</span> <span class='ocrx_word' id='word_1_563' title='bbox 1066 3713 1229 3767; x_wconf 87' lang='lat' dir='ltr'>mutandum</span> <span class='ocrx_word' id='word_1_564' title='bbox 1244 3731 1307 3767; x_wconf 84' lang='lat' dir='ltr'>esse</span> <span class='ocrx_word' id='word_1_565' title='bbox 1321 3713 1351 3766; x_wconf 90' lang='lat' dir='ltr'>in</span> 
     </span>
     <span class='ocr_line' id='line_1_51' title="bbox 175 3779 1351 3852; baseline -0.003 -14"><span class='ocrx_word' id='word_1_566' title='bbox 175 3787 230 3838; x_wconf 77' lang='grc' dir='ltr'>ἐπι</span> <span class='ocrx_word' id='word_1_567' title='bbox 240 3785 371 3850; x_wconf 79' lang='grc' dir='ltr'><em>στῆναι.</em></span> <span class='ocrx_word' id='word_1_568' title='bbox 407 3779 539 3848; x_wconf 80' lang='lat' dir='ltr'>Accedit,</span> <span class='ocrx_word' id='word_1_569' title='bbox 554 3781 631 3850; x_wconf 90' lang='lat' dir='ltr'>quod</span> <span class='ocrx_word' id='word_1_570' title='bbox 643 3799 696 3849; x_wconf 86' lang='lat' dir='ltr'>res,</span> <span class='ocrx_word' id='word_1_571' title='bbox 709 3799 765 3852; x_wconf 88' lang='lat' dir='ltr'>qua</span> <span class='ocrx_word' id='word_1_572' title='bbox 778 3783 813 3836; x_wconf 92' lang='lat' dir='ltr'>de</span> <span class='ocrx_word' id='word_1_573' title='bbox 827 3800 916 3837; x_wconf 83' lang='lat' dir='ltr'>sermo</span> <span class='ocrx_word' id='word_1_574' title='bbox 931 3789 983 3850; x_wconf 87' lang='lat' dir='ltr'>est,</span> <span class='ocrx_word' id='word_1_575' title='bbox 996 3789 1063 3836; x_wconf 89' lang='lat' dir='ltr'>acta</span> <span class='ocrx_word' id='word_1_576' title='bbox 1074 3799 1131 3834; x_wconf 89' lang='lat' dir='ltr'>non</span> <span class='ocrx_word' id='word_1_577' title='bbox 1144 3790 1188 3834; x_wconf 88' lang='lat' dir='ltr'>est</span> <span class='ocrx_word' id='word_1_578' title='bbox 1200 3789 1351 3852; x_wconf 88' lang='lat' dir='ltr'>postquam</span> 
     </span>
     <span class='ocr_line' id='line_1_52' title="bbox 174 3848 1352 3920; baseline -0.001 -18"><span class='ocrx_word' id='word_1_579' title='bbox 174 3849 368 3904; x_wconf 85' lang='lat' dir='ltr'>discesserunt</span> <span class='ocrx_word' id='word_1_580' title='bbox 386 3849 552 3913; x_wconf 83' lang='lat' dir='ltr'>Faustinus,</span> <span class='ocrx_word' id='word_1_581' title='bbox 570 3848 787 3916; x_wconf 87' lang='lat' dir='ltr'>Faustinianus,</span> <span class='ocrx_word' id='word_1_582' title='bbox 810 3848 941 3904; x_wconf 81' lang='lat' dir='ltr'>Clemens</span> <span class='ocrx_word' id='word_1_583' title='bbox 960 3857 989 3903; x_wconf 92' lang='lat' dir='ltr'>et</span> <span class='ocrx_word' id='word_1_584' title='bbox 1007 3849 1111 3920; x_wconf 90' lang='lat' dir='ltr'>reliqui</span> <span class='ocrx_word' id='word_1_585' title='bbox 1129 3849 1197 3913; x_wconf 89' lang='lat' dir='ltr'>viri,</span> <span class='ocrx_word' id='word_1_586' title='bbox 1218 3849 1269 3902; x_wconf 85' lang='lat' dir='ltr'>sed</span> <span class='ocrx_word' id='word_1_587' title='bbox 1285 3856 1352 3917; x_wconf 90' lang='lat' dir='ltr'>post</span> 
     </span>
     <span class='ocr_line' id='line_1_53' title="bbox 173 3916 1350 3996; baseline -0.002 -26"><span class='ocrx_word' id='word_1_588' title='bbox 173 3918 298 3971; x_wconf 85' lang='lat' dir='ltr'>reditum</span> <span class='ocrx_word' id='word_1_589' title='bbox 315 3919 454 3996; x_wconf 68' lang='lat' dir='ltr'>ipsorum,</span> <span class='ocrx_word' id='word_1_590' title='bbox 472 3935 529 3969; x_wconf 90' lang='lat' dir='ltr'>non</span> <span class='ocrx_word' id='word_1_591' title='bbox 547 3919 577 3972; x_wconf 76' lang='grc' dir='ltr'><em>ἐν</em></span> <span class='ocrx_word' id='word_1_592' title='bbox 595 3919 733 3985; x_wconf 78' lang='grc' dir='ltr'><em>σκεπεινῷ</em></span> <span class='ocrx_word' id='word_1_593' title='bbox 755 3921 802 3984; x_wconf 78' lang='grc' dir='ltr'>τῆς</span> <span class='ocrx_word' id='word_1_594' title='bbox 822 3916 964 3984; x_wconf 72' lang='grc' dir='ltr'><em>θαλάσσης</em></span> <span class='ocrx_word' id='word_1_595' title='bbox 985 3916 1078 3984; x_wconf 84' lang='grc' dir='ltr'><em>τόπῳ,</em></span> <span class='ocrx_word' id='word_1_596' title='bbox 1101 3916 1151 3969; x_wconf 83' lang='lat' dir='ltr'>sed</span> <span class='ocrx_word' id='word_1_597' title='bbox 1174 3919 1204 3970; x_wconf 73' lang='grc' dir='ltr'><em>ἐν</em></span> <span class='ocrx_word' id='word_1_598' title='bbox 1221 3923 1350 3987; x_wconf 79' lang='grc' dir='ltr'><em>κρυφαίῳ</em></span> 
     </span>
     <span class='ocr_line' id='line_1_54' title="bbox 175 3981 1351 4056; baseline -0.002 -18"><span class='ocrx_word' id='word_1_599' title='bbox 175 3984 264 4054; x_wconf 83' lang='grc' dir='ltr'><em>τόπῳ,</em></span> <span class='ocrx_word' id='word_1_600' title='bbox 279 4003 328 4056; x_wconf 86' lang='lat' dir='ltr'>qur</span> <span class='ocrx_word' id='word_1_601' title='bbox 341 3989 577 4038; x_wconf 87' lang='lat' dir='ltr'>commemoratur</span> <span class='ocrx_word' id='word_1_602' title='bbox 588 4002 615 4052; x_wconf 84' lang='lat' dir='ltr'>p.</span> <span class='ocrx_word' id='word_1_603' title='bbox 628 3983 688 4047; x_wconf 81' lang='lat'>297,</span> <span class='ocrx_word' id='word_1_604' title='bbox 702 3985 715 4035; x_wconf 93' lang='lat'>1</span> <span class='ocrx_word' id='word_1_605' title='bbox 730 4002 771 4054; x_wconf 87' lang='lat' dir='ltr'>sq.</span> <span class='ocrx_word' id='word_1_606' title='bbox 791 3982 979 4052; x_wconf 83' lang='lat' dir='ltr'>Corruptelae</span> <span class='ocrx_word' id='word_1_607' title='bbox 990 4001 1088 4036; x_wconf 88' lang='lat' dir='ltr'>ansam</span> <span class='ocrx_word' id='word_1_608' title='bbox 1097 3981 1264 4052; x_wconf 82' lang='lat' dir='ltr'>praebuisse</span> <span class='ocrx_word' id='word_1_609' title='bbox 1275 3982 1351 4036; x_wconf 87' lang='lat' dir='ltr'>vidc-</span> 
     </span>
     <span class='ocr_line' id='line_1_55' title="bbox 174 4050 1351 4130; baseline 0 -25"><span class='ocrx_word' id='word_1_610' title='bbox 174 4061 221 4105; x_wconf 87' lang='lat' dir='ltr'>tur</span> <span class='ocrx_word' id='word_1_611' title='bbox 235 4051 364 4105; x_wconf 85' lang='lat' dir='ltr'>confusio</span> <span class='ocrx_word' id='word_1_612' title='bbox 381 4051 500 4106; x_wconf 87' lang='lat' dir='ltr'>duorum</span> <span class='ocrx_word' id='word_1_613' title='bbox 513 4051 639 4106; x_wconf 88' lang='lat' dir='ltr'>locorum</span> <span class='ocrx_word' id='word_1_614' title='bbox 655 4050 838 4118; x_wconf 85' lang='lat' dir='ltr'>diversorum,</span> <span class='ocrx_word' id='word_1_615' title='bbox 850 4068 933 4130; x_wconf 85' lang='lat' dir='ltr'>quam</span> <span class='ocrx_word' id='word_1_616' title='bbox 944 4067 1035 4129; x_wconf 91' lang='lat' dir='ltr'>supra,</span> <span class='ocrx_word' id='word_1_617' title='bbox 1045 4051 1109 4102; x_wconf 87' lang='lat' dir='ltr'>adn.</span> <span class='ocrx_word' id='word_1_618' title='bbox 1119 4050 1264 4117; x_wconf 73' lang='lat' dir='ltr'>aupaae,</span> <span class='ocrx_word' id='word_1_619' title='bbox 1273 4051 1351 4120; x_wconf 79' lang='lat' dir='ltr'>12sq.</span> 
     </span>
     <span class='ocr_line' id='line_1_56' title="bbox 176 4116 1352 4188; baseline -0.003 -14"><span class='ocrx_word' id='word_1_620' title='bbox 176 4118 333 4174; x_wconf 88' lang='lat' dir='ltr'>cavendam</span> <span class='ocrx_word' id='word_1_621' title='bbox 356 4135 419 4173; x_wconf 86' lang='lat' dir='ltr'>esse</span> <span class='ocrx_word' id='word_1_622' title='bbox 442 4119 611 4172; x_wconf 89' lang='lat' dir='ltr'>monuimus.</span> <span class='ocrx_word' id='word_1_623' title='bbox 647 4118 702 4172; x_wconf 92' lang='lat' dir='ltr'>Per</span> <span class='ocrx_word' id='word_1_624' title='bbox 724 4135 754 4170; x_wconf 89' lang='lat' dir='ltr'>se</span> <span class='ocrx_word' id='word_1_625' title='bbox 769 4117 953 4188; x_wconf 84' lang='lat' dir='ltr'>intelligitur,</span> <span class='ocrx_word' id='word_1_626' title='bbox 975 4135 1004 4170; x_wconf 92' lang='lat' dir='ltr'>m</span> <span class='ocrx_word' id='word_1_627' title='bbox 1022 4116 1098 4186; x_wconf 85' lang='lat' dir='ltr'>Epit.</span> <span class='ocrx_word' id='word_1_628' title='bbox 1119 4119 1213 4186; x_wconf 74' lang='lat' dir='ltr'>prior,</span> <span class='ocrx_word' id='word_1_629' title='bbox 1235 4123 1352 4187; x_wconf 87' lang='lat' dir='ltr'>recepta</span> 
     </span>
     <span class='ocr_line' id='line_1_57' title="bbox 174 4179 1352 4259; baseline -0.003 -18"><span class='ocrx_word' id='word_1_630' title='bbox 174 4188 375 4242; x_wconf 87' lang='lat' dir='ltr'>emendatione</span> <span class='ocrx_word' id='word_1_631' title='bbox 395 4190 555 4254; x_wconf 74' lang='grc' dir='ltr'><em>ἐπιστῆναι,</em></span> <span class='ocrx_word' id='word_1_632' title='bbox 578 4187 662 4240; x_wconf 89' lang='lat' dir='ltr'>etiam</span> <span class='ocrx_word' id='word_1_633' title='bbox 681 4188 916 4259; x_wconf 73' lang='lat' dir='ltr'>permutandum</span> <span class='ocrx_word' id='word_1_634' title='bbox 935 4201 1006 4239; x_wconf 85' lang='lat' dir='ltr'>esse.</span> <span class='ocrx_word' id='word_1_635' title='bbox 1028 4215 1059 4224; x_wconf 83' lang='lat'><em>-</em></span> <span class='ocrx_word' id='word_1_636' title='bbox 1080 4185 1114 4238; x_wconf 90' lang='lat' dir='ltr'>Iu</span> <span class='ocrx_word' id='word_1_637' title='bbox 1135 4179 1269 4238; x_wconf 89' lang='lat' dir='ltr'>Homiliis</span> <span class='ocrx_word' id='word_1_638' title='bbox 1287 4192 1352 4255; x_wconf 86' lang='lat' dir='ltr'>post</span> 
     </span>
     <span class='ocr_line' id='line_1_58' title="bbox 175 4251 1353 4324; baseline -0.003 -15"><span class='ocrx_word' id='word_1_639' title='bbox 175 4253 276 4310; x_wconf 81' lang='grc' dir='ltr'><em>ἑαυτόν</em></span> <span class='ocrx_word' id='word_1_640' title='bbox 313 4261 399 4308; x_wconf 89' lang='lat' dir='ltr'>uncto</span> <span class='ocrx_word' id='word_1_641' title='bbox 417 4255 601 4308; x_wconf 89' lang='lat' dir='ltr'>incidendum</span> <span class='ocrx_word' id='word_1_642' title='bbox 620 4257 671 4307; x_wconf 85' lang='lat' dir='ltr'>est.</span> <span class='ocrx_word' id='word_1_643' title='bbox 707 4254 741 4306; x_wconf 91' lang='lat' dir='ltr'>In</span> <span class='ocrx_word' id='word_1_644' title='bbox 759 4251 834 4322; x_wconf 87' lang='lat' dir='ltr'>Epit.</span> <span class='ocrx_word' id='word_1_645' title='bbox 851 4254 943 4322; x_wconf 86' lang='lat' dir='ltr'>priore</span> <span class='ocrx_word' id='word_1_646' title='bbox 962 4269 1035 4324; x_wconf 88' lang='lat' dir='ltr'>quae</span> <span class='ocrx_word' id='word_1_647' title='bbox 1074 4251 1178 4306; x_wconf 85' lang='lat' dir='ltr'>rcxime</span> <span class='ocrx_word' id='word_1_648' title='bbox 1195 4259 1353 4322; x_wconf 85' lang='lat' dir='ltr'>sequuntur</span> 
     </span>
     <span class='ocr_line' id='line_1_59' title="bbox 174 4271 1353 4393; baseline -0.001 -16"><span class='ocrx_word' id='word_1_649' title='bbox 174 4323 261 4377; x_wconf 87' lang='lat' dir='ltr'>verba</span> <span class='ocrx_word' id='word_1_650' title='bbox 274 4273 311 4376; x_wconf 67' lang='lat' dir='ltr'>ad</span> <span class='ocrx_word' id='word_1_651' title='bbox 323 4322 398 4376; x_wconf 88' lang='lat' dir='ltr'>idem</span> <span class='ocrx_word' id='word_1_652' title='bbox 413 4323 589 4377; x_wconf 86' lang='lat' dir='ltr'>enuntiatum</span> <span class='ocrx_word' id='word_1_653' title='bbox 603 4321 789 4393; x_wconf 87' lang='lat' dir='ltr'>pertinentia,</span> <span class='ocrx_word' id='word_1_654' title='bbox 808 4321 848 4374; x_wconf 88' lang='lat' dir='ltr'>ita</span> <span class='ocrx_word' id='word_1_655' title='bbox 861 4326 926 4374; x_wconf 86' lang='lat' dir='ltr'>sunt</span> <span class='ocrx_word' id='word_1_656' title='bbox 939 4271 1102 4374; x_wconf 76' lang='lat' dir='ltr'>scribenda:</span> <span class='ocrx_word' id='word_1_657' title='bbox 1125 4325 1170 4376; x_wconf 78' lang='grc' dir='ltr'>καὶ</span> <span class='ocrx_word' id='word_1_658' title='bbox 1182 4319 1353 4393; x_wconf 77' lang='grc' dir='ltr'><em>βουλόμενος</em></span> 
     </span>
    </p>
   </div>
   <div class='ocr_carea' id='block_1_5' title="bbox 0 0 1591 4900">
    <p class='ocr_par' dir='ltr' id='par_1_6' title="bbox 0 0 1591 4900">
     <span class='ocr_line' id='line_1_60' title="bbox 0 0 1591 4900; baseline 0 0"><span class='ocrx_word' id='word_1_659' title='bbox 0 0 1591 4900; x_wconf 95' lang='lat' dir='ltr'> </span> 
     </span>
    </p>
   </div>
  </div>
 </body>
</html>
