3126 4894
567 309 722 360 arraona
740 311 851 360 rama.
989 327 992 336 ·
1258 298 1297 362 77
1331 337 1339 358 ,

129 457 240 528 primum
254 455 405 522 habitavi,
424 461 526 525 postea
542 455 649 510 amicus
666 455 760 510 factus
774 455 919 510 cuiusdam
932 457 980 526 qui
993 463 1053 510 erat
1067 474 1100 510 ex
1113 475 1217 530 genere
1231 459 1300 516 Cae-

129 526 206 591 saris,
223 523 280 576 viri
297 523 378 576 illius
394 522 545 592 uxorisque
564 523 625 575 eius
644 523 810 578 Genituram
828 523 915 593 probe
935 523 1036 590 sellai,
1051 542 1170 596 cumque
1182 526 1301 582 viderim

126 611 180 659 res,
196 596 283 661 prout
300 590 414 644 ferebat
432 607 527 644 eorum
541 589 681 656 Genesis,
701 591 840 658 evenisse,
858 591 927 644 solis
940 591 1034 646 verbis
1047 609 1065 646 ο
1075 597 1106 647 ῖο
1118 609 1228 662 nequeo
1240 611 1301 663 por·

128 659 243 714 suaderi.
280 658 354 712 Erat
381 657 457 712 enim
483 655 567 711 Ortus
593 657 720 712 mulieris
745 659 886 728 positura,
913 675 985 728 quae
1006 658 1134 714 efficeret
1157 660 1302 716 adulteras

126 745 215 782 amore
234 743 382 780 servorum
399 742 511 778 suorum
529 730 629 794 captas
642 731 672 780 et
686 742 805 797 peregre
818 726 848 780 in
859 742 934 796 aqua
945 732 1110 796 pereuntem
1131 727 1207 798 quod
1219 733 1249 782 ct
1261 728 1303 786 ita

126 795 254 866 contigit.
291 793 367 848 Nam
383 809 455 862 quae
469 810 579 846 servum
593 811 672 846 suum
686 793 837 916 dezeriret,
850 811 904 847 nee
915 792 988 848 ferre
1000 800 1099 874 posset
1111 795 1300 868 opprobrium,

126 863 213 917 solum
225 861 260 914 fu
282 879 300 915 a
312 867 428 915 vertens
443 865 472 914 et
485 878 548 914 cum
561 877 594 914 eo
608 877 727 916 concum
749 878 800 916 cns
813 861 843 914 in
854 860 924 914 mari
936 861 1029 931 periit.

188 929 242 982 CX
291 970 296 980 .
331 930 395 999 Ego
411 927 559 998 respondi:
585 929 623 982 Et
636 945 758 1009 quonam
775 928 858 983 modo
872 929 942 995 scis,
960 929 1040 983 illam
1052 928 1212 1004 fugientem
1225 936 1254 985 et
1269 931 1300 986 in

125 997 215 1052 alieno
239 999 303 1050 solo
323 997 448 1066 positam
469 1013 549 1049 servo
569 1013 702 1066 nupsisse
726 1014 760 1054 ac
782 995 925 1050 interiisse
949 1003 1015 1067 post
1037 995 1173 1068 nuptias?
1202 996 1300 1069 Atque

124 1081 221 1120 senex:
242 1063 332 1118 Certo
344 1063 412 1118 novi
422 1071 530 1130 revera,
543 1080 600 1118 non
613 1063 689 1144 quod
700 1063 841 1134 nupserit,
862 1081 924 1118 cum
936 1081 990 1119 nec
1002 1081 1096 1122 amore
1109 1071 1223 1136 captam
1235 1084 1299 1122 esse

124 1133 238 1199 scirem3
258 1148 357 1184 verum
369 1137 519 1201 postquam
538 1131 590 1184 illa
602 1129 753 1199 drscessit,
770 1131 859 1186 frater
874 1131 928 1184 viri
945 1131 1005 1186 eius
1018 1149 1128 1186 omnem
1139 1133 1210 1186 mihi
1222 1135 1300 1188 iliius

122 1217 245 1253 amorem
259 1197 419 1266 enarravit,
441 1198 517 1268 quod
533 1199 594 1318 ipse
607 1199 656 1268 qui
674 1204 789 1254 sanctus
807 1204 836 1253 et
857 1198 994 1253 honestus
1015 1205 1076 1253 erat
1091 1204 1191 1270 utpote
1213 1203 1299 1256 etiam

122 1268 209 1320 frater
221 1265 350 1320 noluerit
363 1271 454 1320 torum
466 1283 549 1320 macu
560 1283 622 1334 are3
635 1272 665 1320 et
677 1284 732 1336 quo
741 1267 824 1322 modo
837 1266 936 1320 volens
951 1283 985 1320 ac
998 1284 1094 1320 rursus
1107 1267 1200 1336 ipsum
1212 1275 1298 1339 atque

122 1335 248 1388 dedecus
261 1333 355 1388 verita
367 1333 418 1388 illa
429 1333 529 1390 infelix
551 1331 616 1406 [non
634 1334 709 1389 enim
726 1335 837 1389 licitum
854 1338 900 1386 est
912 1334 991 1402 quen'
1008 1335 1043 1388 de
1057 1351 1105 1400 ea,
1119 1335 1252 1414 quoniam
1264 1353 1300 1392 ex

122 1402 219 1456 Natali
231 1401 308 1455 haec
321 1419 385 1456 cum
397 1401 491 1456 facere
504 1407 565 1454 tum
575 1403 687 1472 perpeti
700 1399 868 1521 cogebatur)
889 1401 1028 1454 somnium
1040 1399 1154 1456 finxerrt
1165 1419 1299 1460 verumne

122 1487 156 1523 an
171 1469 295 1534 falsum,
318 1486 375 1522 non
394 1468 487 1522 habeo
505 1469 607 1523 dicere.
642 1468 749 1524 Aiebat
768 1469 842 1550 siqui
864 1485 909 1522 em
929 1469 939 1520 i
961 1485 1021 1522 sam
1038 1467 1158 1536 dixisse,
1181 1471 1256 1540 quod
1269 1471 1298 1525 in

122 1537 228 1591 somnis
243 1537 361 1606 quidam
378 1537 434 1590 sibi
451 1535 578 1602 adstitit,
596 1537 644 1606 qui
662 1554 724 1591 eam
742 1537 826 1590 iussit
845 1553 907 1590 cum
924 1537 946 1589 h
968 1536 1024 1590 eris
1037 1535 1115 1590 illico
1127 1536 1197 1590 urbe
1208 1537 1299 1593 Roma

120 1606 277 1672 excedere,
290 1609 321 1658 at
329 1603 373 1656 vir
382 1603 461 1658 illam
471 1621 535 1658 cum
545 1603 614 1657 filiis
627 1605 798 1659 incolumem
810 1605 929 1658 evadere
943 1609 1078 1675 satagens
1089 1603 1240 1658 confestim
1250 1623 1298 1658 eos

120 1671 294 1726 erudiendos
306 1669 436 1726 Athenas
448 1671 527 1725 misit
540 1689 603 1726 cum
614 1679 704 1728 matre
717 1677 746 1728 et
759 1671 862 1740 servis3
875 1671 991 1726 tertium
1003 1688 1070 1726 vero
1080 1669 1170 1725 filium
1178 1672 1297 1730 retinuit

119 1741 251 1809 spudeo,
284 1739 333 1792 uia
346 1739 394 1819 qui
406 1755 457 1810 per
468 1739 607 1794 somnium
625 1740 755 1794 ediderat
773 1740 917 1794 oraculum
935 1757 1000 1794 cum
1018 1755 1051 1794 co
1067 1756 1180 1794 manere
1196 1739 1297 1810 permi-

121 1813 205 1860 serat.
276 1808 338 1860 ulto
352 1806 441 1878 igitur
457 1807 555 1877 elapso
567 1813 693 1878 tempore
705 1813 737 1861 ut
750 1807 786 1861 ab
802 1825 835 1862 ea
848 1807 960 1862 litteras
973 1825 1030 1861 non
1042 1807 1165 1876 accepit,
1178 1824 1297 1878 cumque

122 1892 210 1945 saepe
223 1873 356 1928 Athenas
370 1873 511 1940 misisset,
525 1892 620 1928 assum
641 1882 671 1930 to
683 1893 741 1942 mc,
755 1875 804 1944 qui
816 1875 844 1929 ei
856 1875 980 1930 omnium
992 1891 1084 1928 essem
1098 1875 1297 1928 coniunctissi-

119 1960 181 1994 mus
195 1959 231 1996 ac
245 1940 417 2008 fidissimus,
435 1894 679 2022 adquaerendam
698 1943 776 1996 illam
794 1942 939 2012 profectus
958 1948 1009 1996 est.
1045 1941 1152 1996 Multos
1165 1942 1297 2012 equidem

119 2027 184 2062 cum
201 2010 212 2061 i
234 2027 266 2063 so
285 2009 316 2062 in
331 2009 561 2081 peregrinahone
578 2011 690 2066 labores
706 2010 840 2066 alacriter
855 2010 910 2064 tuli
927 2027 1046 2076 memor,
1063 2010 1139 2080 quod
1155 2010 1185 2064 in
1202 2010 1298 2080 prisca

119 2095 172 2130 sua
188 2029 333 2131 feIicitate
351 2093 395 2130 me
413 2077 536 2131 omnium
552 2077 702 2134 habuisset
720 2078 828 2132 socium
844 2096 878 2134 ac
896 2095 980 2148 supra
992 2094 1088 2132 omnes
1104 2075 1211 2132 amicos
1226 2079 1296 2134 dile·

118 2145 220 2198 xisset.
255 2145 357 2214 Itaque
369 2144 460 2198 Roma
472 2144 607 2200 continuo
621 2145 755 2200 solvimus
769 2145 866 2216 sicque
879 2146 909 2199 in
920 2145 972 2198 has
986 2143 1085 2216 Syriae
1102 2151 1198 2216 partes
1212 2146 1295 2200 deve-

117 2213 222 2266 nimus.
257 2212 320 2266 Nec
337 2212 441 2266 multos
459 2218 525 2282 post
543 2213 604 2266 dies
621 2213 672 2267 ille
695 2213 809 2283 quidem
831 2231 898 2284 prae
916 2213 1002 2267 animi
1020 2213 1115 2267 dolore
1133 2214 1295 2284 migravite

117 2279 194 2347 vita,
208 2297 264 2350 ego
276 2296 343 2332 vero
355 2278 411 2334 huc
423 2280 540 2334 veniens
553 2281 661 2334 victum
674 2281 710 2336 ab
723 2298 756 2335 eo
769 2287 895 2352 tempore
908 2281 945 2335 ad
957 2280 1032 2334 hunc
1044 2297 1134 2350 usque
1148 2281 1223 2336 diem
1236 2300 1293 2338 ma·

125 2347 211 2400 nibus
225 2363 364 2466 comparo.

189 2413 309 2468 CXVI.
340 2413 394 2466 His
406 2431 424 2468 a
437 2431 504 2468 sene
524 2414 610 2468 dictis
632 2415 798 2486 intelligens
817 2431 851 2468 cx
868 2414 996 2468 oratione
1009 2413 1084 2480 eius,
1103 2431 1199 2468 senem
1212 2431 1295 2483 quem
1396 2479 1398 2486 Ι

118 2481 233 2536 dixerat
250 2482 342 2552 ipsum
360 2497 423 2535 esse
439 2487 549 2552 patrem
565 2489 704 2549 vestrum,
722 2483 800 2535 nolui
817 2499 880 2536 cum
895 2498 928 2534 eo
946 2481 1073 2534 conferre
1093 2497 1249 2536 sermonem
1262 2498 1297 2536 ea

119 2549 210 2616 dere,
225 2549 317 2603 donee
330 2549 582 2604 communicassem
594 2549 757 2615 vobiscum,
769 2549 826 2602 nisi
840 2548 914 2618 quod
928 2565 991 2601 cum
1008 2547 1164 2617 hospitium
1181 2547 1242 2601 eius
1255 2549 1296 2601 di·

118 2617 257 2670 dicissem
269 2621 417 2686 me'umque
430 2617 602 2672 indicassem
615 2617 780 2690 explorandi
793 2633 893 2682 causa,
911 2615 966 2669 hoc
982 2620 1094 2670 tantum
1109 2621 1295 2685 percontatus

118 2703 192 2750 sum,
205 2685 283 2754 quod
295 2690 373 2738 esset
386 2684 447 2738 seni
456 2702 571 2753 nomen3
590 2686 639 2740 ille
652 2692 748 2740 autem
760 2685 881 2740 Faustus
892 2682 997 2753 inquit3
1015 2682 1085 2736 item
1102 2683 1177 2752 quod
1193 2700 1296 2740 nomen

119 2752 249 2823 geminis
262 2749 346 2820 filiie3
359 2752 409 2806 ille
422 2769 488 2806 vero
499 2754 660 2824 respondit:
680 2753 831 2807 Faustinae
844 2751 1097 2819 coruscationes,
1112 2755 1142 2804 et
1155 2751 1295 2820 quodnam

116 2937 287 3060 ἔροιοοοῖτὲ
307 2942 392 3059 EQ
394 2946 427 3059 It
439 2941 484 3058 7ο1.
513 2957 552 3058 atpr.
575 2943 638 3060 ἓοῖι
654 2971 688 3060 -t
731 2937 801 3061 citit)111
815 2937 1051 3060 caparasima)
1076 2937 1204 3061 ξοάνων,
1226 2943 1295 3022 'heic

117 3012 357 3143 ai.i'{fb⁹0s.fl¹¹'3)
370 3025 686 3144 ,asttttsttt
729 3029 845 3130 {itti
858 3027 917 3139 ivi,
930 3027 1293 3144 ittttttf’ttitt‘ttt

117 3140 236 3212 γήσατο.
263 3171 298 3180 -
324 3140 353 3212 4)
383 3137 520 3209 ἐβουλήθη
551 3161 616 3194 man.
639 3163 686 3211 pr,
730 3154 768 3196 est
781 3145 888 3197 πολλοῦ
906 3144 937 3197 δὲ
948 3143 1056 3214 χρόνον
1074 3140 1246 3204 διελθόντος.
1260 3175 1295 3182 -

120 3208 266 3278 ἠβουλήθη
278 3227 342 3262 man.
356 3227 405 3262 sec.
415 3215 446 3261 B.
457 3239 492 3246 -
502 3207 531 3279 5)
541 3207 627 3264 πάλιν
639 3229 686 3263 om.
732 3210 775 3281 18)
789 3215 947 3284 συνέκαμον
956 3218 1039 3262 textus
1048 3215 1122 3264 Hom.
1134 3214 1199 3274 Cot,
1208 3220 1295 3263 nostra

118 3279 197 3329 Hom.
208 3279 226 3328 l.
239 3294 270 3341 ο,
279 3283 365 3328 nostra
376 3279 446 3344 Epit.
459 3283 484 3328 et
495 3279 527 3328 ο1.
540 3295 579 3346 ap.
593 3280 687 3330 eot—
729 3282 800 3346 Epit.
813 3285 838 3329 οῖ
850 3281 882 3328 ο1.
894 3295 933 3344 ap.
947 3280 1000 3328 Cot.
1017 3307 1051 3314 —
1074 3276 1118 3346 19)
1138 3275 1250 3336 πάντως
1262 3281 1293 3328 ο1.

118 3344 148 3409 6)
162 3350 258 3398 ποιεῖν
269 3347 313 3396 καὶ
325 3340 445 3412 πάσχειν
453 3347 504 3395 inv.
516 3351 599 3396 textus
611 3349 686 3397 Hom.
708 3347 710 3351 ’
729 3364 768 3412 ap.
782 3348 835 3397 Cot.
849 3373 880 3380 —
894 3341 939 3410 20)
952 3344 1056 3400 ἐκεῖνος
1065 3361 1113 3393 om.
1124 3349 1207 3393 textus
1217 3346 1292 3394 Hom.

119 3414 190 3476 Cot,
216 3419 303 3464 nostra
322 3413 392 3480 Epit.
413 3418 438 3462 et
459 3414 491 3462 ο1.
512 3429 551 3480 ap.
575 3415 629 3465 Cot.
652 3443 686 3450 -
729 3415 792 3476 Cot,
816 3417 901 3462 nostra
926 3413 949 3460 Ε
968 3411 995 3458 it.
1020 3415 1046 3458 et
1068 3411 1100 3461 ο1.
1124 3425 1163 3474 ap.
1188 3410 1242 3462 Cot.
1259 3437 1293 3446 -
1352 3419 1356 3428 '

119 3479 147 3544 7)
172 3475 210 3538 ὥς
230 3475 272 3532 ὅτι
303 3478 334 3532 ἐν
362 3475 481 3548 ὁράματι
505 3476 621 3540 ἐπιστάς
645 3499 687 3540 τις
728 3477 773 3548 21)
785 3481 868 3548 μέχρι
881 3476 931 3528 τοῦ
949 3427 1031 3544 deripe
1043 3493 1068 3544 p.
1087 3476 1125 3533 εἰς
1142 3473 1224 3542 dedeo
1238 3482 1291 3530 tex·

117 3549 196 3598 Hom.
209 3549 226 3598 l.
239 3564 269 3610 c,
281 3553 368 3598 nostra
378 3547 449 3614 Epit.
462 3553 487 3597 et
499 3549 530 3598 al.
540 3563 579 3614 ap.
590 3550 687 3598 Cot-
728 3553 769 3600 tus
789 3549 863 3598 Hom.
885 3546 948 3608 Oct,
971 3549 1056 3596 nostra
1076 3544 1146 3610 Epit
1165 3551 1189 3597 et
1206 3545 1237 3594 al.
1252 3559 1291 3612 ap.

118 3611 149 3682 8)
160 3635 210 3684 μοι
224 3617 300 3666 inser.
313 3616 390 3666 Hom.
402 3615 419 3664 l.
433 3631 462 3677 a,
478 3619 565 3666 nostra
576 3618 647 3684 Epit.
662 3621 687 3666 et
729 3617 784 3668 Cot.

118 3683 152 3732 al.
164 3699 204 3750 ap.
216 3683 270 3732 Cot.
279 3709 314 3718 -
326 3677 353 3750 9)
365 3678 423 3755 ἅμα
433 3687 491 3740 τοῖς
501 3683 607 3742 τέκνοις
616 3685 686 3734 D.-
780 3684 838 3748 Cap.
860 3680 964 3732 CXVII.
994 3674 1021 3746 1)
1038 3674 1056 3744 ἦ
1060 3697 1074 3732 ν
1091 3695 1138 3730 om.
1152 3682 1181 3744 B,
1200 3685 1292 3732 ouvel-

119 3744 164 3816 10)
187 3745 239 3814 τὴν
249 3786 256 3798 .
266 3787 271 3798 .
283 3785 289 3798 .
299 3745 383 3802 πόλιν
406 3751 482 3800 Ηοτο.
499 3751 517 3800 1.
542 3765 578 3808 c,
600 3756 686 3800 nostra
729 3749 781 3803 δον
792 3749 846 3820 μὲν
858 3743 902 3800 ὅτι
916 3742 948 3800 ὃν
960 3745 1034 3814 ἔλεγε
1050 3743 1179 3800 τεθνάναι
1193 3750 1292 3818 γέρον-

117 3817 190 3883 Epit.
203 3823 228 3866 et
239 3817 271 3866 al.
284 3833 323 3882 ap.
338 3817 391 3868 Cot.
404 3845 438 3854 —
455 3813 497 3878 ll)
511 3812 598 3880 αὐτὴν
610 3819 685 3868 Hom.
729 3837 774 3878 ra,
793 3813 877 3874 αὐτὸς
897 3811 930 3880 ἢν
949 3815 1067 3886 exhibent
1084 3816 1116 3865 ο1.
1135 3832 1174 3898 ap.
1193 3817 1247 3866 Cot.
1259 3843 1293 3852 —

117 3884 185 3946 La,
207 3889 294 3933 nostra
313 3885 383 3950 Epit.
407 3889 432 3934 ct
455 3885 486 3934 ο1.
511 3901 550 3950 ap.
575 3885 628 3935 Cot.
651 3911 685 3919 —
727 3881 755 3952 2)
770 3879 923 3950 ἰρουλήθην
934 3900 999 3932 man.
1010 3895 1048 3949 pr.
1059 3879 1216 3950 ἠβονληθην
1226 3899 1291 3934 man.

118 3946 163 4018 12)
177 3947 286 4009 τὰςρτο.
298 3951 328 4000 D.
341 3977 375 3988 -
389 3948 432 4014 13)
446 3947 499 4004 σὺν
513 3949 547 4021 τῇ
558 3955 642 4022 μητρὶ
653 3953 684 4014 D,
728 3969 776 4002 sec.
790 3955 819 4002 Β.
833 3951 945 4003 Subinde
958 3945 1008 4002 οὖν
1026 3947 1058 4002 τὸ
1075 3948 1137 4004 καθ’
1156 3945 1227 4017 ὑμᾶς
1242 3945 1292 4002 αὖ·

117 4019 195 4068 Hom.
211 4019 228 4068 l.
249 4034 269 4068 c.
286 4024 311 4068 et
328 4023 415 4070 nostra
431 4020 501 4086 Epit.
518 4045 553 4054 —
575 4014 619 4086 14)
634 4015 685 4070 τὸν
729 4018 768 4086 τῷ
783 4023 866 4070 textus
886 4019 961 4068 Hom.
980 4019 1033 4068 Cot.
1051 4014 1124 4078 XIV,
1142 4016 1165 4078 7,
1184 4011 1215 4066 τὸ
1227 4012 1290 4065 καθ’

118 4087 216 4155 τρίτον
236 4102 261 4152 p.
280 4089 377 4156 τρίτον
395 4085 427 4138 δὲ
444 4089 472 4136 Β.
498 4114 530 4122 -
552 4081 596 4154 lb)
622 4083 685 4153 ἔσχε
728 4083 745 4138 ὑ
768 4083 886 4154 (1ςαύτῴ
898 4085 957 4136 eod.
970 4085 1045 4133 Hom.
1063 4083 1147 4132 Ottob.
1164 4086 1189 4132 et
1204 4087 1291 4132 nostra

118 4149 183 4224 παρ’
195 4149 274 4220 αὐτῷ
284 4171 309 4220 Ρ,
323 4149 386 4224 παρ’
401 4153 490 4220 ἑαυτῷ
499 4154 530 4202 ο1.
541 4169 580 4234 ap.
591 4154 686 4206 coa-
751 4155 806 4222 pit,
828 4153 860 4204 dt
881 4148 914 4203 τὰ
931 4146 986 4202 κατ’
1011 4145 1083 4215 ὑμᾶς
1102 4146 1178 4215 αὐτῷ
1197 4147 1229 4196 ο1.
1250 4164 1290 4214 ap.

118 4216 161 4284 16)
185 4218 244 4272 κατ’
267 4215 479 4288 ὄναρ-συνεῖναι
502 4216 589 4272 αὐτον
609 4217 686 4289 αὐτῷ
728 4223 782 4272 (tot.
803 4248 837 4256 -
857 4217 884 4282 3)
898 4217 1141 4282 σονοντιῖαβεῐνῦ
1163 4219 1188 4266 οῖ
1205 4220 1291 4266 nostra

116 4289 194 4338 Hom.
206 4289 224 4338 l.
238 4303 268 4349 c,
281 4293 367 4338 nostra
380 4289 450 4354 Epit.
464 4293 488 4338 et
500 4289 531 4338 ο1.
541 4305 580 4356 ap.
591 4289 684 4340 Cot-
727 4289 797 4354 Epit.
818 4313 853 4322 —
871 4281 899 4352 4)
917 4282 948 4335 δὲ
965 4299 1012 4332 om.
1034 4287 1116 4334 textus
1135 4285 1210 4336 Hom.
1227 4284 1291 4346 eoa,

117 4351 160 4416 17)
179 4351 231 4407 οὖν
248 4355 353 4406 accessit
373 4371 403 4406 ex
420 4356 475 4416 BO;
499 4356 553 4406 illio
572 4355 685 4407 πολλῶν
727 4360 812 4404 nostra
829 4354 899 4420 Epit.
916 4357 941 4402 et
956 4351 987 4400 ul.
1005 4366 1044 4418 ap.
1066 4351 1119 4404 Oet.
1140 4379 1174 4388 —
1194 4345 1222 4418 5)
1244 4349 1291 4402 dci
