3162 4900
368 353 412 401 Al)
426 352 624 402 CLEMENTIS
637 352 718 402 ROM.
732 353 825 408 QUAE
838 352 914 402 FER.
928 353 1103 403 HOMlLIAS.
1260 337 1320 399 301

152 501 426 623 gregppp‘qiprc‘repor,
441 501 492 554 οὐκ
503 499 657 570 ἐβουλήθην
670 499 701 554 τὸ
720 501 783 555 καθ’
799 500 870 574 ὑμᾶς
881 504 948 554 cett.
984 497 1032 553 Sie
1050 499 1136 554 etiam
1154 499 1229 570 Epit.
1247 501 1326 553 alter.

219 638 250 690 P.
263 637 324 702 303,
338 635 371 688 15
383 651 443 704 sqq.
458 651 492 688 ex
504 633 614 688 verbis:
629 641 705 706 οἴμοι
720 633 793 708 ἀνερ,
807 634 878 709 ἡμᾶς
887 635 1003 706 ἀγαπῶν
1011 640 1098 708 κρίσει
1112 637 1165 706 μὲν
1174 633 1257 695 αὐτὸς
1268 637 1327 688 ἐτε-

151 703 297 772 λεύτησας,
317 703 398 778 ἡμεῖς
415 705 445 756 δὲ
464 705 561 766 ζῶντες
574 705 635 774 unic
654 703 764 776 ὁρῶμεν
776 709 821 780 καλ
837 705 944 773 τροηιῆς
955 701 1015 772 ἀρτι
1028 701 1284 825 μεταλαηὲηλύνομεν,
1298 699 1328 754 id

152 773 228 843 quod
241 773 371 842 quintum
383 775 464 824 tenet
476 770 570 824 locum
583 787 640 823 non
661 771 761 825 dubito
774 787 843 840 qum
860 769 962 823 vitium
979 768 1105 823 traxerit.
1168 785 1239 838 eque
1252 769 1327 822 enim

151 841 252 911 opinor
264 855 432 910 quemquam
445 838 475 890 in
488 855 522 891 ea
534 837 594 893 fore
608 838 752 893 sententia
768 843 801 890 ut
814 843 937 901 censeat,
955 837 1125 892 vocabulum
1140 843 1228 905 κρίσει
1240 835 1327 906 expli-

152 909 274 962 candum
288 923 351 961 esse
364 923 397 960 ex
410 905 505 960 verbis
518 924 544 992 p.
556 904 616 971 304,
631 908 663 960 18
676 924 735 976 sqq.
748 905 852 976 positis
864 904 959 958 hisce:
979 905 1011 960 οὗ
1027 904 1080 978 γὰρ
1094 905 1247 975 ἠδυνάμην,
1264 911 1328 976 περὶ

152 981 209 1032 τῶν
221 981 285 1048 ἐμοὶ
297 975 484 1062 ἠχαιτημένων
497 995 529 1027 τα
568 979 663 1042 ἔγιστα
679 974 717 1036 cic
733 980 798 1045 περὶ
815 972 963 1028 ι’λανόντιον
979 980 1107 1040 κρίνας,
1127 973 1198 1034 πρὸς
1215 972 1264 1040 τὴν
1278 973 1327 1026 τοῦ

150 1051 214 1113 βίον
231 1063 343 1114 τρυηιην
364 1041 463 1097 ἑαυτὸν
479 996 657 1099 ἀττοδλδὸναι.
688 1040 818 1112 Conjicio
837 1040 967 1109 equidem
985 1041 1120 1110 scriptum
1137 1025 1241 1094 fuisse:
1260 1042 1331 1095 ἐκεῖ

152 1110 205 1174 σὺ,
227 1127 326 1164 vocem
343 1112 400 1164 lasz
415 1109 449 1162 de
465 1113 592 1177 tempore
609 1115 773 1180 usurpatam
790 1124 854 1162 esse
871 1108 1051 1175 existimans,
1073 1108 1114 1163 ita
1131 1114 1163 1162 ut
1180 1107 1239 1161 fere
1252 1107 1328 1162 idom

150 1176 935 1312 titillet.dilatate..attestatis
956 1175 1327 1298 {tllttthtllHttl

151 1315 182 1367 in
195 1314 277 1367 libris
289 1330 370 1366 mser.
383 1311 460 1382 Epit.
470 1296 554 1382 prior.
569 1310 600 1366 C.
613 1311 738 1367 CXVIII
748 1330 778 1366 re
800 1312 894 1367 eritur.
1103 1282 1110 1310 ⁷

220 1382 251 1434 P.
264 1379 324 1446 304,
341 1379 359 1432 4
375 1379 540 1433 Dresselius
558 1381 711 1434 secundum
735 1399 767 1435 co
790 1382 862 1436 icem
879 1377 903 1431 Ο
921 1376 1049 1448 scripsit:
1073 1381 1101 1432 ot
1116 1379 1148 1432 δὲ
1167 1377 1223 1432 ὑπὸ
1240 1379 1328 1448 χαρᾶς

151 1453 300 1522 αἰφνιδίου
324 1447 483 1520 διεφώνουν
508 1447 677 1520 ἀμφότεροι,
697 1454 742 1504 καλ
760 1453 851 1503 λαλεῖν
870 1445 998 1514 ἀλλήλοις
1017 1443 1196 1517 βουλόμενοι,
1220 1445 1236 1499 ἀ
1261 1451 1327 1514 ασλρ

153 1524 339 1588 συσχεθέντες
357 1519 386 1570 ἐκ
404 1519 451 1582 τῆς
468 1515 613 1583 ἀπλήστου
628 1519 717 1588 χαρᾶς
739 1517 789 1570 οὐκ
805 1512 939 1569 ἐδύναντο
960 1522 1078 1582 κρατεῖν.
1115 1511 1211 1566 Codex
1264 1512 1327 1566 loeo

173 1583 374 1655 raepositionis
388 1586 416 1638 lx
427 1582 545 1654 praebet
558 1586 687 1654 copulam
699 1589 752 1646 καί,
765 1588 797 1636 ut
809 1579 923 1650 saepius
937 1580 1072 1634 confusae
1091 1585 1156 1632 sunt
1168 1579 1221 1634 hac
1234 1596 1327 1635 voces.

151 1605 397 1733 i'raepositionem
409 1651 529 1722 porrigit
546 1651 633 1706 etiam
650 1656 768 1720 utraque
780 1649 912 1730 Epitome
926 1646 956 1702 O.
970 1647 1102 1703 CXVIIl.
1136 1647 1179 1701 Ea
1194 1655 1289 1702 autem
1303 1648 1328 1699 si

153 1739 279 1793 genuma
300 1725 359 1786 est,
383 1719 560 1772 desideratur
576 1719 721 1790 obJ'ectum
740 1718 820 1772 verbi
844 1739 860 1772 κ
879 1726 963 1772 ατεῖν.
999 1719 1064 1772 Jam
1084 1715 1160 1785 Epit.
1182 1717 1258 1786 prior
1277 1731 1327 1784 pro

151 1799 265 1863 κρατεῖν
275 1788 378 1842 habet:
398 1791 508 1856 ἐπέχειν
520 1787 641 1849 ἑαυτοὺς,
677 1787 716 1840 At
733 1803 790 1840 non
802 1792 846 1841 est
858 1738 988 1852 dubium,
1006 1785 1075 1856 quin
1087 1783 1159 1838 haee
1171 1785 1258 1838 verba
1270 1783 1328 1835 sint

152 1857 333 1926 interpolata.
358 1855 423 1908 Pari
441 1854 700 1909 verisimilitudinis
727 1854 823 1925 specie
845 1853 948 1924 aliquis
973 1853 1064 1919 dicat,
1090 1852 1240 1906 delendam
1265 1866 1328 1904 esse

152 1924 393 1994 praepositionem
412 1927 452 1986 ἐκ,
471 1921 513 1976 ita
529 1928 562 1976 ut
578 1923 665 1977 verba
683 1926 732 1991 τῆς
747 1923 891 1990 ἀπλήστου
903 1927 992 1994 χαρᾶς
1008 1921 1152 1991 pendeant
1165 1937 1199 1974 ex
1210 1927 1327 1994 κρατεῖν.

153 1995 263 2046 Neutra
286 1990 415 2044 mutandi
431 1989 542 2044 ratione
560 1991 719 2045 sententiae
744 1991 927 2056 succurritur,
945 1995 1094 2059 quactum
1116 1988 1227 2042 demum
1249 1987 1329 2040 salva

153 2060 217 2125 erit,
231 2067 318 2129 quum
330 2067 439 2125 κρατεῖν
451 2057 538 2111 fuerit
551 2059 706 2129 expulsum.
740 2057 869 2129 Apparet
881 2057 970 2124 enim,
983 2056 1020 2110 ad
1032 2057 1119 2110 verba
1132 2057 1181 2112 οὐκ
1193 2055 1328 2111 ἐδύναντο

153 2127 331 2199 cogitatione
345 2142 407 2180 esse
421 2126 623 2205 supplendum:
637 2132 730 2182 λαλεῖν
740 2125 875 2195 ἀλληλοις.
909 2125 1049 2181 Nimirum
1061 2142 1111 2210 pro
1131 2125 1181 2181 οὐκ
1193 2123 1328 2179 ἐδύναντο

152 2204 265 2317 ουν
273 2195 420 2316 aaa
433 2199 569 2317 stan
578 2201 663 2316 ra*
687 2193 1112 2332 alteraretur
1122 2196 1237 2315 ar·
1273 2189 1328 2242 H

153 2331 227 2387 πολὺ
248 2281 318 2403 aptis
333 2328 419 2384 αὐτὸν
440 2329 455 2398 ἡ
471 2328 572 2404 μήτηρ
596 2335 648 2403 ἔχω
661 2302 710 2396 ’oa
730 2333 842 2385 ψαῦστε
859 2334 926 2382 cett.
986 2328 1049 2380 inus
1064 2333 1162 2406 aptum
1171 2283 1244 2392 amp
1252 2323 1328 2394 quod

153 2400 314 2468 inutraque
326 2415 356 2451 re
378 2397 465 2450 eritur
476 2395 567 2468 Epit:
586 2406 631 2453 καὶ
642 2399 701 2471 μετ’
715 2397 749 2451 ού
761 2395 835 2452 πολὺ
847 2401 925 2462 cett,
939 2413 956 2448 a
969 2395 1072 2448 seriore
1086 2394 1158 2446 illud
1169 2411 1254 2446 manu
1265 2409 1327 2462 pro-

152 2467 268 2520 fectum.
289 2499 323 2506 —
343 2416 582 2520 deoresselius
596 2483 646 2519 suo
659 2468 723 2536 jure
741 2465 894 2518 secundum
908 2462 1036 2517 codicem
1053 2461 1218 2532 Oscripsit:
1236 2463 1327 2532 μικρῷ
1370 2503 1372 2511 .

152 2533 377 2657 attente
392 2532 466 2654 ’λιτά
485 2533 779 2655 Ηλέὲλλῖλιδῗλάλ
801 2528 1275 2653 “titt’.lHlttHnHttaHd
1284 2530 1328 2652 ii·

153 2619 883 2742 {mammoneamnaamaeoxdnff
1059 2615 1075 2668 q

221 2738 252 2790 Ρ.
265 2738 325 2802 305,
343 2739 369 2805 5,
386 2737 551 2792 Dressclius
567 2743 783 2808 repraesentare
800 2735 925 2790 debebat
946 2734 1094 2788 verborum
1111 2732 1328 2787 collocationem

153 2807 183 2860 in
197 2805 297 2884 codiee
310 2803 334 2858 Ο
346 2823 378 2896 re
398 2811 494 2860 ertam.
507 2837 541 2845 -
553 2805 586 2860 V.
602 2808 630 2858 ll
642 2810 773 2926 praestat
786 2803 939 2884 scriptura:
951 2825 1011 2875 μοι,
1024 2819 1108 2872 quam
1120 2800 1195 2871 porri
1217 2801 1240 2853 it
1252 2805 1327 2854 utra·

153 2871 1329 3012 stabilate..illitati&tltHlHltlthf’ata.{altit

153 3015 211 3063 est:
231 3007 384 3065 ὑποπτεύω
402 3007 453 3064 οὖν
468 3009 571 3084 μίπως
587 3008 604 3064 ἀ
620 3013 674 3083 μὲν
692 3011 870 3081 ἀκριβοῦσιν,
884 3005 1084 3078 ἀληθεύουσιν,
1096 3003 1113 3060 ἀ
1126 3007 1155 3060 δὲ
1169 3011 1327 3066 πταίουσιν,

153 3077 262 3163 ιἰμιιθλη
282 3077 455 3147 πάσχουσιν,
475 3082 504 3131 et
521 3077 618 3147 paullo
636 3077 723 3144 infre,
736 3097 762 3147 p.
775 3077 835 3144 306,
853 3079 861 3130 l
878 3095 932 3146 sq.:
957 3075 1053 3148 ἀπεχε,
1070 3073 1109 3148 μη
1126 3095 1199 3140 πως,
1214 3078 1279 3145 περὶ
1291 3062 1329 3128 ὧν

153 3146 348 3214 ἀληθεύουσιν,
363 3147 610 3216 ἐπιτυγχάνουσιν,
624 3151 669 3199 καὶ
682 3144 744 3214 οὐχὶ
762 3147 939 3216 ἀκριβοῦντες
955 3149 1091 3214 λέγουσιν.
1126 3141 1254 3212 Utroque
1266 3140 1328 3194 loco

175 3211 325 3266 articulum
347 3212 386 3284 μὴ
408 3231 473 3266 curn
494 3211 650 3266 indicativo
674 3213 834 3282 praesentis
859 3216 1050 3264 constructam
1070 3211 1219 3282 porrigunt
1243 3208 1329 3261 etiam

152 3232 304 3351 Epitomae
326 3281 357 3335 C.
371 3279 465 3348 CXX,
485 3280 542 3334 nisi
563 3279 643 3349 quod,
655 3279 748 3350 priore
764 3279 828 3333 loco
844 3279 921 3349 Epit.
938 3277 1056 3332 alterius
1075 3277 1165 3330 codex
1182 3275 1206 3329 Ο
1226 3275 1327 3328 habet:

153 3349 341 3417 ἀληθεύωσιν,
364 3351 439 3418 quod
455 3353 600 3419 receptum
618 3346 729 3401 mireris
745 3364 763 3400 a
779 3346 940 3412 Dresselio,
981 3344 1129 3398 raesertim
1147 3361 1203 3398 non
1219 3347 1329 3396 mutato

154 3416 240 3470 simul
257 3416 342 3470 verbo
361 3417 418 3472 πάιι
440 3435 527 3473 ουσιν.
562 3416 624 3488 Ego
642 3414 843 3468 nihilomnino
863 3363 1023 3467 novandum
1040 3411 1173 3475 arbitror,
1192 3411 1328 3480 quomis,

153 3484 203 3554 qui
219 3483 353 3554 loquitur,
371 3438 479 3538 indicet
501 3485 592 3550 simul,
605 3489 705 3554 putare
724 3499 767 3550 se,
789 3483 830 3536 ita
848 3498 921 3546 esse,
938 3486 970 3533 ut
988 3484 1115 3545 veretum
1140 3478 1203 3544 cfr,
1223 3477 1330 3531 utalia

154 3559 280 3617 taceam,
300 3550 415 3606 Godofr.
433 3552 589 3606 Hermanni
614 3552 709 3606 adnot.
731 3551 767 3604 ad
790 3549 940 3620 Sophoclis
961 3549 1043 3628 Ajac.
1060 3565 1085 3598 v.
1103 3545 1161 3600 272.
1196 3544 1330 3600 Ceterum

153 3637 204 3690 pro
216 3617 309 3700 ἀπεχε,
328 3621 403 3690 quod
422 3620 507 3675 etiam
525 3617 555 3672 in
570 3625 691 3690 utraque
707 3619 784 3688 Epit.
799 3623 946 3688 receptum
967 3615 1065 3669 vrderc
1088 3620 1146 3681 est,
1165 3613 1330 3684 reponenda

154 3693 216 3741 erat
229 3705 307 3740 varra
319 3687 406 3742 lectio
418 3689 442 3741 E
464 3689 495 3742 it.
508 3687 543 3742 al.
555 3707 571 3742 a
610 3687 716 3743 Cetei:
732 3692 843 3758 ἔπεχε,
856 3685 884 3738 h.
897 3702 921 3739 e.
935 3684 1042 3748 σκόπει,
1056 3689 1122 3753 post
1135 3700 1218 3754 quam
1230 3698 1329 3736 vocem

153 3755 241 3809 etiam
261 3755 291 3808 in
308 3754 416 3826 Evang.
458 3773 526 3809 noae
539 3708 592 3822 XI,
605 3755 639 3810 35
651 3755 794 3808 invenitur
806 3754 845 3830 μὴ
859 3772 921 3808 cum
932 3751 1088 3807 indicativo
1098 3751 1255 3822 praesentis
1264 3767 1329 3806 con·

154 3828 302 3876 structum.
315 3845 347 3863 -=—
360 3823 393 3878 V.
408 3825 439 3876 16
451 3825 558 3894 priores
571 3829 667 3894 partes
679 3841 735 3877 non
748 3823 896 3877 tribuerim
907 3821 1026 3876 lectioni
1062 3821 1095 3876 όν
1113 3841 1137 3886 ν,
1151 3837 1223 3890 quae
1237 3835 1329 3889 neque

153 3892 183 3944 in
199 3890 276 4011 Epit.
294 3891 385 3945 altera
400 3891 546 3961 reperitur.
565 3924 597 3930 —
617 3891 728 3944 Ibidem
747 3897 777 3945 et
793 3891 823 3944 in
839 3891 915 3960 Epit.
933 3890 1015 3960 prior.
1035 3843 1100 3943 iic
1133 3890 1159 3940 X
1177 3888 1238 3940 sine
1251 3903 1330 3940 more

154 3976 223 4030 prae
238 3959 342 4013 ercnda
355 3965 416 4012 erat
430 3960 485 4013 seri
506 3965 582 4013 tnra:
597 3959 716 4020 πύντως.

222 4027 254 4082 Ρ.
266 4028 325 4092 306,
337 4026 355 4078 4
368 3979 547 4082 scribendum
560 4027 671 4096 opinor:
686 4029 820 4145 sompno
834 4024 874 4078 τὸ.
887 4056 921 4064 -
937 4023 970 4077 V.
984 4027 1000 4080 6
1013 4039 1053 4092 sq.
1085 4021 1142 4075 uod
1154 4021 1262 4074 editum
1274 4025 1328 4086 est,

152 4101 230 4148 recte
243 4094 340 4161 habet,
353 4096 601 4166 reponendumque
615 4093 701 4148 etiam
714 4093 743 4146 in
780 4092 830 4162 pit.
843 4091 934 4144 utrius
955 4107 990 4144 ue
1003 4087 1070 4144 OC
1101 4087 1241 4144 XI.-V.
1255 4089 1285 4140 11
1300 4094 1329 4142 et

154 4163 349 4216 14Dresse1i0
366 4163 547 4234 recipiendae
565 4166 645 4216 eraut
658 4161 797 4215 lectiones
815 4159 923 4212 codicis
972 4197 979 4224 ,
997 4173 1113 4226 quarum
1126 4155 1266 4225 posterior
1282 4156 1329 4210 vel

151 4247 204 4352 per
216 4247 246 4284 se
260 4231 416 4301 scripturae
434 4231 543 4286 codicis
560 4228 787 4300 Cpraeferenda.
823 4225 893 4278 Cum
911 4223 1048 4279 codiceO
1066 4224 1100 4278 de
1118 4223 1172 4276 hac
1186 4223 1329 4277 consentit

178 4299 229 4369 pit.
247 4299 324 4420 prior
344 4305 374 4353 et
391 4299 450 4355 fere
468 4299 554 4356 etiam
572 4298 647 4369 Epit.
664 4298 762 4351 altera.
799 4292 846 4346 Ad
869 4294 948 4346 illam
969 4292 1095 4364 proxime
1118 4291 1232 4346 accedit
1253 4292 1329 4363 Epit.

151 4365 398 4437 pam..exxr
