3162 4900
247 314 312 380 260
556 327 1114 380 σινιΕεΕοΕιιιΛοσοτΑτσσσιτσ.

249 485 360 534 tautum
377 494 434 530 non
451 475 567 544 iisdem,
584 476 631 530 vel
649 475 793 530 sententia
810 475 955 530 simillima
967 481 1146 546 repetuntur,
1163 473 1278 528 omnino
1291 473 1424 530 delenda.

250 546 424 614 Quamquam
437 544 483 598 vel
494 543 536 598 sic
545 543 594 598 uni
604 543 705 598 saltem
715 543 778 598 loco
787 542 861 598 hanc
871 543 1042 597 medicinam
1051 541 1145 596 facere
1155 541 1306 612 oportebit.
1330 542 1425 598 Nemo

250 612 325 668 cuim
338 611 475 666 credibile
489 629 552 666 csse
565 610 707 678 censebit,
721 628 805 665 unum
818 611 995 681 eundemque
1008 609 1174 680 scriptorem
1184 609 1314 679 posuisse
1325 611 1424 678 verba,

250 697 323 752 quae
336 697 360 732 v.
376 679 408 732 16
420 697 460 748 sq.
473 678 620 750 leguntur:
639 684 665 734 ri
681 681 710 734 dl
728 678 795 734 κσιιὰ
811 684 907 742 silici,
923 687 967 734 καὶ
987 685 1029 740 τίς
1044 677 1136 750 ἀγαθὰ
1153 677 1266 744 πριίξει,
1287 683 1312 732 rl
1329 680 1358 732 δὲ
1378 683 1425 732 καὶ

250 747 317 804 ιιιιιιὰ
336 755 423 810 ποιεῖ,
441 752 485 800 καὶ
504 754 546 809 τίς
562 745 666 816 ιἰγιιθάς
685 747 773 800 Immo
791 761 856 799 vero
874 746 937 799 luce
950 745 1054 800 clarius
1067 751 1125 812 est,
1144 747 1308 799 alterutram
1321 744 1424 798 horum

250 814 397 869 verborum
409 819 518 884 partein
531 831 565 868 ax
577 813 636 868 alia
648 831 703 883 qua
718 812 883 867 recensione
900 812 1031 867 haustam
1051 829 1122 866 esse.
1158 813 1310 866 Praeterea
1326 817 1424 882 poste-

249 882 308 934 rius
332 881 511 935 enuntiatum
533 880 694 935 labeculam
714 880 803 936 habet
820 879 991 951 adspersam.
1026 880 1127 949 Neque
1145 880 1221 934 enirn
1238 879 1306 932 fei-ri
1324 885 1424 950 potest

250 947 391 1030 particula
403 953 459 1012 ιιιιὶ,
472 965 544 1017 quac
557 955 606 1002 aut
618 948 757 1020 originem
769 946 856 1001 traxit
868 947 977 1018 epriori
988 946 1121 1001 vocabuli
1130 947 1197 1003 κατὰ
1206 946 1320 1016 syllaba
1329 963 1425 1002 errore

250 1021 369 1078 iterata,
385 1019 435 1068 aut
447 1031 481 1068 ox
494 1015 615 1069 articulo
627 1016 663 1070 τὶι
676 1021 807 1086 corrupta
819 1021 877 1082 cst,
894 1016 997 1085 quode
1010 1011 1059 1068 cfr.
1068 1033 1097 1084 p.
1110 1015 1153 1080 73,
1165 1017 1195 1069 3:
1215 1021 1240 1070 sl
1257 1017 1286 1068 cz
1305 1014 1338 1070 τὰ
1354 1014 1425 1070 κατὰ

249 1082 441 1146 ιιύτὸςιιιίζει,
461 1089 505 1136 τισὶ
524 1088 565 1143 τίς
580 1083 671 1156 ἀγαθὰ
688 1086 808 1157 δημιουρ
829 1092 870 1149 εἱ,·
888 1114 921 1122 -
940 1081 1045 1136 Contra
1062 1099 1088 1134 v.
1105 1084 1137 1136 10
1154 1081 1295 1136 excidisse
1312 1081 1426 1152 aliquid

232 1149 369 1204 ·videtur.
406 1146 592 1202 Scribendum
605 1149 750 1203 existimo:
769 1148 839 1218 ἢοτι
856 1149 974 1222 πειράζει
989 1148 1158 1220 ὡςᾶγνοῶν·
1177 1155 1205 1204 εἰ
1221 1148 1280 1217 γὰρ
1296 1147 1425 1220 ἀγνοεῖ,

250 1225 295 1274 καὶ
306 1221 422 1278 riccctt.
432 1215 637 1270 -Ridiculnm
647 1217 676 1270 in
685 1217 798 1270 modum
811 1225 958 1288 corruptus
971 1223 1015 1270 est
1027 1235 1052 1268 v.
1067 1218 1110 1268 18:
1124 1223 1161 1272 El
1173 1219 1203 1271 δὲ
1222 1217 1253 1271 τὸ
1271 1224 1341 1271 πῖον
1357 1216 1426 1290 ὅρος

250 1288 339 1341 ἐπιθυ
363 1292 399 1344 εἴ,
411 1291 459 1339 καί
470 1291 545 1346 τίνος
557 1284 589 1339 τὰ
603 1284 707 1352 πάντας
731 1285 801 1348 Quis
814 1303 870 1338 non
887 1286 1015 1349 iniretur,
1034 1282 1163 1337 homines
1182 1283 1281 1338 doctos
1298 1284 1371 1338 talia
1388 1284 1425 1336 de

250 1351 315 1408 Deo
328 1306 408 1406 dicta
419 1369 593 1430 concoquere
623 1353 740 1418 eluisse,
754 1353 840 1406 etiam
853 1352 877 1405 si
887 1353 1003 1423 linguae
1012 1350 1127 1422 legibus
1137 1351 1317 1405 satisfactum
1327 1352 1427 1406 esset?

253 1419 299 1474 'I'u
312 1420 391 1475 ocius
404 1435 528 1490 corrige:
548 1425 573 1474 sl
584 1371 621 1474 dh

319 1488 350 1541 P.
363 1489 405 1554 73,
418 1489 435 1540 3
448 1506 460 1539 s
484 1531 488 1540 .
501 1485 568 1540 ferri
580 1491 700 1556 possunt
713 1487 811 1541 verba:
831 1492 855 1542 sl
872 1490 902 1544 ἐν
913 1486 1012 1559 γιιόιγῳ
1024 1518 1058 1525 -
1071 1484 1214 1548 σύνεστιν,
1234 1484 1259 1537 si
1276 1485 1425 1551 statuitur,

253 1553 384 1611 σύνεστιν
394 1555 469 1626 sigui
493 1571 556 1608 care
567 1559 799 1621 „convcrsatur“,
812 1572 868 1608 nori
881 1557 1057 1620 „versatur“,
1068 1559 1100 1607 ut
1109 1552 1290 1622 interpretati
1300 1559 1374 1606 sunt.
1389 1583 1425 1593 -—
1467 1559 1486 1586 ·“

251 1620 286 1676 V.
301 1624 333 1676 16
344 1623 431 1676 acrba
453 1622 593 1692 ιἰχώρητος
610 1629 654 1678 aad
668 1620 861 1702 χωρούμενος,
886 1623 982 1691 inopte
1000 1620 1234 1690 interpretantur:
1260 1620 1425 1690 „imperce-

253 1695 320 1760 ptus
338 1697 368 1743 et
386 1693 565 1759 perceptus“.
600 1689 630 1744 si
655 1689 754 1745 nificat
771 1688 879 1743 locutio
891 1697 996 1760 χωρεῖν
1009 1687 1058 1743 τὸν
1073 1688 1144 1746 Θεὸν
1161 1688 1268 1756 „deum
1285 1688 1427 1758 recipere,

253 1760 392 1826 capepe“;
411 1755 460 1809 cfr.
475 1772 507 1810 e.·
547 1708 716 1811 ..lamblich
731 1757 765 1810 de
778 1756 895 1826 Myster.
908 1776 934 1826 p.
950 1756 1012 1820 125,
1029 1757 1045 1808 6
1058 1763 1087 1809 ct
1099 1758 1165 1822 233,
1177 1755 1194 1808 9
1206 1753 1340 1825 Parthey.
1371 1753 1426 1808 Co·

252 1823 370 1878 haerent
381 1828 476 1877 autem
490 1773 545 1877 ilhir
552 1825 638 1878 verba
650 1824 808 1878 arctissime
823 1841 885 1876 cuni
898 1821 1085 1894 antegressis:
1105 1831 1164 1885 ταῖς
1176 1826 1231 1879 τῶν
1242 1823 1357 1894 ἀγαθῶν
1368 1837 1427 1890 ψω-

271 1900 314 1953 ιιῐς
326 1890 502 1963 οἰκιζόμενος.
538 1888 628 1944 Aliud
641 1891 709 1961 quid
725 1897 769 1944 est
781 1890 921 1960 ἀχώριγτος
936 1890 1013 1958 apud
1026 1889 1177 1960 Theophil.
1190 1890 1227 1944 ad
1239 1889 1335 1943 Autol.
1349 1889 1378 1954 I,
1400 1889 1426 1942 7.

248 1913 314 2014 ilec
324 1963 419 2012 tamen
432 1957 496 2011 ideo
509 1958 670 2028 probabile,
680 1958 803 2028 positum
817 1958 920 2011 fuisse:
938 1957 1003 2028 ιἰχώ
1031 1976 1107 2014 ιστο
1116 1981 1141 2026 ς,
1158 1974 1192 2012 ea
1204 1957 1233 2010 vi
1246 1975 1303 2027 qua
1311 1957 1426 2027 praedi-

255 2033 315 2080 tum
328 2032 373 2079 est
385 2025 461 2095 apud
473 2024 692 2095 Xenophontem
704 2025 774 2096 Rep.
787 2025 854 2081 Lac.
867 2025 921 2092 IX,
934 2027 958 2080 ii.
983 1979 1040 2080 eir.
1053 2027 1137 2084 Hom.
1151 2025 1245 2087 XVll,
1260 2025 1300 2078 10.

320 2093 351 2145 P.
365 2092 407 2158 74,
423 2094 452 2146 ll
465 2099 580 2162 propter
590 2093 644 2147 cod
665 2092 696 2146 0.
715 2093 895 2164 scripturam:
915 2115 941 2148 τι
955 2092 986 2150 τὸ
999 2093 1164 2168 λεγόμενον,
1182 2091 1270 2146 facile
1287 2091 1427 2157 adducor,

255 2166 286 2214 ut
298 2160 411 2214 credam
424 2160 547 2230 positum
560 2159 661 2214 fuisse:
682 2183 705 2216 τι
721 2164 784 2216 των
796 2167 999 2234 λεγομένων.

321 2227 352 2281 P.
366 2229 407 2294 lii,
423 2231 434 2280 1
450 2227 522 2281 nihil
539 2228 703 2282 mutandum
721 2227 847 2294 videtur,
865 2228 948 2283 modo
966 2227 1114 2282 commatis
1133 2226 1247 2297 signum
1265 2231 1332 2295 post
1352 2232 1429 2284 Θεοῦ

254 2295 378 2350 locatum
391 2295 516 2349 tollatur.
540 2294 736 2350 Constnienda
748 2301 815 2349 sunt
826 2296 915 2350 verba
927 2296 1016 2351 πολλὰ
1027 2302 1057 2348 et
1070 2294 1153 2364 πρὸςε
1172 2295 1280 2362 „multa
1290 2299 1429 2363 respectu

253 2362 352 2418 habito
364 2363 414 2430 ad,
433 2363 523 2417 multa
540 2368 618 2433 prc“.
636 2395 667 2403 —
688 2362 722 2418 V.
734 2365 751 2416 2
763 2363 956 2418 scribendum:
977 2364 1014 2418 οὐ
1025 2361 1135 2435 μόνον
1151 2361 1220 2424 ὅτι,
1237 2361 1294 2414 nisi
1306 2361 1428 2431 gravius

254 2431 331 2503 quod
342 2431 475 2485 mendum
488 2431 593 2484 subest.
605 2463 639 2470 —
651 2431 677 2484 V
697 2431 715 2484 5
728 2448 767 2500 sq.
781 2431 810 2484 in
822 2431 929 2485 verbis:
950 2431 1074 2491 εὐκόπως
1086 2432 1251 2500 ἐλεγχθῆναι
1264 2428 1428 2502 δυνάμενον

245 2505 418 2572 ,ιιροέτεινιις
431 2499 509 2578 ἡμῖν,
523 2498 664 2552 excidisse
677 2498 786 2568 aliquid
798 2504 905 2552 certum
917 2499 1037 2552 videtur.
1061 2495 1204 2550 Fortassis
1218 2493 1345 2550 sufficiet
1357 2501 1429 2550 ante

256 2565 664 2686 39⁰‘¹⁸‘f”“⁶·fi³¹⁸⁰“·¹i{⁸⁸²·,'1‘’
682 2583 754 2687 quate
768 2583 826 2686 {ox
842 2573 957 2636 propter
974 2564 1119 2634 sequentis
1137 2564 1237 2618 literae
1256 2564 1429 2619 {similitu-

276 2649 350 2686 inem
375 2651 420 2686 aci
446 2650 522 2687 imei
559 2650 615 2686 erci
654 2650 683 2686 re
716 2650 732 2686 o
766 2653 797 2686 i.

321 2699 353 2753 P.
366 2701 407 2762 16,
419 2703 436 2754 b
449 2653 627 2770 quumncodd.
638 2651 780 2770 ieriituia
791 2705 905 2772 tircano
917 2705 1014 2770 aperte
1025 2703 1156 2768 corrupta
1165 2685 1212 2764 sit',
1226 2696 1428 2769 Schweglerus

256 2766 370 2836 scripsit
383 2771 503 2838 ἐξέφηνε,
516 2785 599 2836 quein
612 2773 725 2821 secutus
738 2775 782 2822 est
793 2767 964 2822 Dresselius.
992 2767 1030 2819 Et
1041 2783 1139 2819 revera
1151 2764 1205 2818 hae
1218 2783 1304 2819 voces
1318 2765 1428 2834 saepis-

255 2833 325 2887 simo
340 2833 474 2888 confusae
486 2834 663 2903 reperiuntur
675 2835 750 2904 apud
761 2835 836 2888 hunc
849 2835 1021 2904 scriptorem.
1058 2832 1115 2886 Sed
1131 2851 1216 2902 quum
1234 2849 1325 2902 aeque
1338 2831 1429 2886 facile

256 2901 294 2956 sit
325 2919 356 2954 ro
369 2904 483 2972 ἐξέφανε
496 2901 632 2954 scribere:
651 2905 787 2973 ἐξέραινε,
806 2909 835 2956 et
853 2903 974 2972 scriptor
986 2901 1082 2972 paullo
1094 2907 1161 2955 aute
1174 2919 1199 2952 v.
1212 2902 1228 2952 2
1241 2918 1309 2952 usus
1324 2900 1362 2952 sit
1376 2900 1429 2952 im-

255 2984 292 3048 pe
320 2974 384 3020 ecto
398 2970 497 3038 ἔλεγεν,
510 2967 586 3020 haud
599 2967 659 3021 scio
671 2985 707 3020 an
719 2968 790 3022 haec
804 2971 942 3023 correctio
956 2970 994 3022 sit
1006 2967 1200 3039 pracferenda.
1213 3000 1246 3006 -
1259 2967 1293 3022 V.
1306 2969 1337 3020 12
1350 2984 1430 3021 error

255 3033 424 3090 manifestus
437 3041 482 3088 est
494 3034 523 3086 in
535 3033 630 3086 verbis
643 3035 707 3089 οὔτε
720 3039 758 3090 δὲ.
782 3036 917 3099 Quamvis
929 3036 1024 3106 plures
1036 3035 1206 3090 emendandi
1219 3034 1283 3088 viae
1295 3039 1429 3103 pateant,

256 3099 496 3170 simplicissimum
509 3107 605 3158 tamen
616 3101 730 3154 videtur
742 3102 834 3156 delere
847 3103 1016 3172 particulam
1030 3106 1068 3158 δὲ.

323 3166 355 3222 P.
368 3167 409 3234 78,
423 3169 436 3220 1
450 3184 490 3237 sq.
503 3168 532 3222 in
544 3168 653 3222 verbis:
671 3169 711 3242 μὴ
724 3173 826 3226 τοῦτον
838 3173 907 3227 εἶναι
920 3171 989 3226 θεὸν
998 3170 1147 3232 ἀνώτατον,
1162 3166 1192 3230 ὃς
1202 3168 1324 3240 οὐρανὸν
1333 3170 1429 3226 ἔκτισε

255 3239 300 3290 aiil
311 3237 365 3306 γῆν
376 3240 421 3289 aul
435 3236 525 3292 πάντα
538 3233 571 3293 τὰ
582 3239 612 3293 ἐν
624 3236 730 3301 αὐτοῖς,
749 3237 815 3293 ἀλλὰ
827 3237 910 3294 ἄλλον
923 3239 986 3294 τινὰ
997 3239 1144 3308 ἄγνωστον
1155 3243 1199 3291 καὶ
1213 3236 1370 3300 ἀνώτατον,
1391 3237 1429 3299 ὡς

255 3305 285 3362 ἐν
297 3301 469 3375 ἀπορρήτοις
480 3302 546 3358 ὄντα
560 3303 629 3360 θεὸν
641 3308 724 3369 θεῶν,
737 3306 868 3359 mendum
881 3305 985 3372 inesse,
998 3305 1083 3359 facile
1094 3305 1184 3358 estad
1194 3303 1431 3374 intelligendum.

194 3406 197 3412 -
256 3369 314 3422 Sed
326 3370 402 3444 quod
415 3370 444 3426 in
457 3370 518 3425 cod.
532 3369 563 3425 0.
575 3372 662 3428 verba
674 3372 820 3443 ἄγνωστον
831 3380 874 3428 καὶ
886 3374 992 3427 omissa
1004 3379 1082 3438 sunt,
1100 3377 1150 3425 aut
1163 3389 1231 3425 casu
1243 3371 1353 3425 accidit
1367 3379 1430 3439 ant,

256 3436 281 3514 si
297 3438 450 3492 correctori
467 3438 600 3504 debetur,
615 3457 764 3518 perperam
781 3441 889 3496 factum
907 3447 965 3507 est;
983 3459 1049 3494 nair.
1066 3439 1207 3494 vocabula
1223 3445 1269 3493 τιιιὶ
1280 3438 1432 3496 ἀνώτατον

255 3521 280 3558 si
301 3504 436 3560 abessent
457 3523 540 3560 nemo
561 3507 753 3572 desideraret,
773 3515 804 3562 at
824 3508 962 3562 vocabulo
983 3508 1130 3579 ἄγνωστον
1151 3506 1264 3560 omnino
1282 3524 1355 3577 opus
1376 3513 1431 3561 est.

256 3569 386 3638 Conjicio
394 3572 525 3641 equidem
533 3591 583 3643 pro
591 3573 831 3631 dadriiroifuisse
841 3575 988 3644 scriptum:
1001 3575 1159 3644 ἀνόητον,
1172 3573 1431 3642 quodvocabulum

257 3636 356 3694 eadem
368 3637 427 3692 fere
440 3639 482 3706 vi,
496 3659 552 3710 qua
563 3639 719 3711 ι’ἷγνωσιον,
731 3642 890 3711 praeditum
903 3658 966 3695 esse
977 3659 1062 3712 posse
1075 3647 1198 3695 constat.

271 3737 273 3743 ι
289 3767 295 3780 ι
323 3703 354 3754 P.
367 3705 407 3764 19,
420 3707 437 3757 a
450 3723 490 3775 sq.
503 3724 666 3774 persuasum
678 3707 784 3774 habeo,
798 3709 938 3762 dissoluta
950 3709 1001 3775 sic,
1014 3715 1046 3762 ut
1059 3708 1139 3763 edita
1151 3716 1230 3775 sunt,
1248 3708 1358 3778 scripta
1371 3727 1432 3764 non

255 3766 345 3846 fuisse
357 3770 455 3825 verba:
475 3774 547 3827 πολὺ
560 3775 718 3844 δυνήσεται·
738 3776 771 3830 οὐ
787 3775 878 3846 μόνον
889 3776 973 3837 ιιύτός
984 3782 1052 3830 cett.
1088 3775 1224 3840 Videtur,
1242 3784 1350 3845 puncto
1370 3795 1431 3830 ma-

255 3853 330 3890 ximo
342 3843 407 3906 post
419 3839 565 3907 ιῖιινὴσετιιι
579 3841 688 3907 locato,
706 3842 886 3896 scribendum
899 3859 976 3896 esse:
995 3851 1051 3900 καὶ
1068 3844 1101 3899 οὐ
1116 3843 1209 3916 μόνον
1226 3849 1294 3897 cett.
1311 3876 1345 3882 -
1364 3844 1400 3899 V.
1415 3847 1432 3898 7

256 3905 389 3984 sq3male
406 3921 450 3959 me
468 3905 577 3962 habent
593 3908 692 3963 verba:
713 3909 828 3964 σπάνιοι
846 3913 881 3966 δέ
896 3930 968 3972 τινες
986 3916 1014 3964 οἱ
1031 3915 1085 3984 μὲν
1097 3909 1191 3965 αὐτῶν
1203 3913 1330 3978 ἔσονται,
1349 3913 1388 3974 ὡς
1400 3915 1432 3966 ἐκ

257 3973 497 4050 ιιιλρθουςιόλίγοι,
516 3980 619 4036 οἵτινες
635 3982 702 4029 cett.
737 3977 816 4030 Fieri
833 3982 943 4046 potest,
961 3984 993 4030 ut
1005 3977 1176 4032 vocabulum
1189 3979 1280 4048 ὀλίγοι
1297 3977 1373 4031 nihil
1391 3979 1433 4032 sit
1466 3993 1470 4000 ·

255 4039 370 4116 marvel
382 4041 579 4109 interpretatio
591 4043 635 4096 vel
649 4043 727 4097 varia
739 4044 826 4098 lectio
838 4044 875 4098 ad
886 4061 984 4098 vocem
998 4046 1112 4100 σπάνιοι
1128 4051 1271 4115 spectans.
1307 4042 1348 4097 At
1366 4063 1432 4116 pro-

255 4098 395 4168 babilius,
408 4107 519 4174 opinor,
532 4109 669 4177 conjiciat
681 4110 799 4180 aliquis,
813 4112 949 4181 scripturn
961 4112 1064 4166 fuisse:
1083 4114 1212 4198 πλρθους
1224 4112 1284 4167 οὐκ
1297 4113 1399 4182 ὀλίγο
1409 4137 1432 4168 υ.

324 4168 356 4219 P.
373 4170 417 4234 80,
438 4174 455 4222 l·
475 4173 597 4228 delenda
617 4193 680 4230 csso
702 4179 833 4232 existimo
854 4179 942 4232 verba
961 4183 1017 4236 των
1036 4179 1222 4248 ἀσεβουντων.
1259 4178 1332 4234 Sunt
1352 4179 1434 4234 enim

628 1422 687 1474 τοῦ
700 1426 866 1482 πλείονος
878 1423 921 1475 Iu.
934 1425 1000 1473 cett.

256 4232 407 4299 'Upfll'fllua
419 4253 504 4304 quum
514 4241 601 4296 verba
612 4245 667 4296 τῶν
677 4244 790 4314 ἀγνοίας
800 4251 875 4316 ιιὶτίρ
885 4246 933 4302 iios
953 4246 1156 4327 uuluam-quae
1169 4253 1264 4367 suntfp
1284 4247 1328 4314 79,
1344 4249 1377 4302 ll
1388 4267 1402 4300 s
1427 4289 1433 4303 .

1248 4331 1263 4368 θ

257 4309 320 4345 cum
332 4297 426 4352 verbis
440 4302 489 4360 τὸν
501 4305 621 4376 ὄλεθρον
633 4311 759 4363 construi
769 4318 907 4380 oporteat.
949 4315 1187 4384 orrorecipienda
1197 4315 1226 4368 vi
1264 4295 1312 4367 tur
1321 4316 1387 4369 cod
1427 4351 1435 4378 ‚
