3126 4894
225 276 289 340 230
700 289 927 340 οεειιεατιει

225 444 348 507 δίναται.
374 445 523 522 τηνικαῦτα
532 439 736 546 Τραϊανὸς
723 465 739 503 ο
763 439 945 544 αὐτοκράτωρ
967 440 1165 546 ἀντέγραψεν,
1186 441 1248 502 δέιιν
1272 440 1359 502 αὐτόν
1383 437 1402 520 6⁸

225 537 361 591 συναινεῖν
381 525 503 600 θύοντα,
524 553 540 607 η
555 549 643 606 περαν
657 528 706 604 τῆς
725 525 877 606 θαλάσσης
891 521 938 588 καὶ
957 551 1006 587 του
995 523 1165 587 1166600'
1150 551 1178 586 εν
1193 522 1283 604 ἐρήμῳ
1290 525 1404 586 *πόλει

226 611 412 691 παρακειμένῃ
427 615 462 688 66
479 613 609 711 Χερσῶνι
624 609 811 714 ἐξορισθῆναι.

312 694 487 754 CLXXIX
518 691 606 756 Καὶ
593 692 680 756 οπότε
693 693 725 756 τό
741 720 790 756 τοο
779 695 952 800 Τρμίανιιύ
968 693 1103 772 κελευσμα
1117 690 1321 797 έπεκυρῶθη,’
1307 694 1405 755 εσκέπ-

225 804 289 842 τετο
303 805 319 840 0
308 776 560 857 Μαμερτῖνος]
544 803 623 848 οπως
637 803 653 840 0
643 775 812 880 Κλήμης
799 775 920 840 εκοόσιον
934 773 1083 856 ὑπερορίαν
1097 803 1135 880 μη
1152 775 1310 881 αἰτήσηται,
1326 776 1404 838 ἀλλὰ

225 868 331 966 μᾶλλον
346 871 404 934 τοῖς
419 871 499 934 θεοῖς
514 862 639 964 σπρνδάς
653 861 790 966 προσάξη
808 858 895 924 ἀλλΗ
883 887 899 924 0
913 885 1051 941 μακαριος
1062 859 1179 941 Κλήμης
1192 859 1339 942 ήγωνίζετο
1353 856 1404 921 καὶ

227 947 312 1053 66606
324 972 373 1008 του
362 944 563 1009 66660606⁸
536 971 584 1008 606
599 946 771 1026 λογισμόν’
743 970 781 1015 εις
796 946 846 1027 τήν
861 945 951 1045 πίστιν
963 969 1012 1006 του
1000 948 1150 1024 Χριστοῦ
1164 953 1338 1024 μεταγαγεῖν,
1353 940 1405 1004 καί

226 1031 325 1096 ἑαυτὸν
341 1031 493 1134 ἀποδεῖξαι
502 1038 702 1108 προαιρεῖσθαι
716 985 865 1110 μάλλού“
838 1055 887 1112 την
898 1027 1087 1108 όπεροριάν,η
1070 1027 1287 1091 λδεδίττεσθαι.
1303 1026 1405 1090 τοσαό-

228 1140 277 1194 την
301 1115 398 1196 τοίνυν
424 1111 440 1174 ό
463 1113 552 1192 κύριος
574 1111 659 1214 χάριν
676 1117 715 1192 τῳ
742 1114 881 1218 Κλημεντι
903 1113 1069 1217 πμρέσχετο,
1098 1111 1171 1174 ῶστε
1192 1111 1405 1192 κατοδύρεσθαι

229 1177 448 1301 Μαμερτῖνμν’
421 1223 469 1262 τον
482 1197 602 1302 ἔπαρχον
614 1222 661 1260 και
652 1173 803 1278 ’λέγειν’
790 1223 806 1258 ο
820 1197 898 1270 θεὸς,
914 1223 937 1274 ῳ
949 1222 984 1259 06
996 1197 1142 1298 εἰλικρινῶς
1151 1195 1300 1276 λατρεόεις,
1317 1193 1405 1266 αὐτός

227 1308 271 1346 σοι
290 1281 460 1364 βοηθήσει
446 1307 473 1344 εν
494 1281 582 1361 ταότη
601 1284 635 1360 τῇ
660 1283 753 1382 γραιγή
776 1284 825 1360 664
843 1279 999 1359 ὑπερορίας.
1019 1306 1065 1342 και
1090 1279 1229 1361 ἀφώρισεν
1250 1285 1334 1352 6666,
1353 1273 1405 1341 καλ

229 1367 325 1430 πάντα
340 1367 377 1428 τό
392 1366 462 1458 πρὸς
476 1365 524 1446 τήν
540 1365 632 1446 χρείαν
648 1365 790 1464 ἀνιιγκαῖα
806 1365 944 1468 ἐπιβαλὼν
960 1365 1122 1428 ἀπελυσεν.1
1146 1364 1178 1426 06
1193 1364 1246 1445 μλγν
1262 1362 1337 1427 ἀλλά
1353 1358 1403 1425 καὶ

232 1454 261 1514 ἐκ
275 1475 324 1513 του
313 1453 408 1515 λαοῦ
423 1403 547 1548 ευλιιύεῖς
563 1448 662 1524 ἀνδρες
656 1444 772 1510 ·πολλοι
788 1447 985 1552 ιγιιολιιόθησαν
1002 1449 1086 1548 αὐτιγι.

314 1535 472 1592 CLXXX
504 1532 606 1596 Ἠνίιια
621 1530 650 1595 δὲ
664 1477 857 1614 κατέλαβεν
831 1557 879 1596 τον
894 1531 980 1595 τόπον
994 1537 1043 1614 τής
1057 1533 1215 1613 ὑπερορίας,
1231 1535 1259 1595 ἐν
1273 1536 1307 1611 τιγ
1324 1533 1406 1634 ἐργα-

228 1619 277 1682 σία
292 1623 340 1698 της
356 1621 412 1680 τῶν
431 1618 585 1698 μαρμάρων
600 1616 738 1695 λατομίαις
752 1619 904 1697 περαιτέρω
920 1616 967 1680 660
980 1617 1115 1722 χιλιάδων
1135 1615 1308 1697 χριστιανοὺς
1324 1611 1404 1695 εὐρεν

229 1683 333 1766 αὐτόθι
351 1703 541 1804 μακροχριγνίῳ
556 1726 648 1803 γραηιη
637 1675 936 1773 καταδικάσθέύτας.
960 1701 1056 1772 οἵτινες
1071 1699 1226 1824 ἑωρακότες
1239 1701 1287 1763 τὸν
1304 1699 1404 1782 όίγιον1

229 1812 275 1849 και
268 1782 414 1888 ’ἀοίδιμον
430 1783 617 1864 Κλημευτα”
597 1809 723 1886 απαητες
736 1781 920 1889 ὁμοθυμαδὸν
934 1810 1005 1889 μετμ
1017 1789 1196 1892 στενμγμῶν2
1211 1811 1258 1848 και
1251 1781 1405 1863 ὀδυρμῶν

229 1869 434 1950 προσελθόντες
450 1868 556 1950 ἔλεγον
573 1865 677 1942 εὖξαι
665 1865 734 1973 νπὲρ
749 1865 839 1946 ήμῶν,
858 1868 917 1931 όσιε
931 1869 1059 1950 ἱεράρχα,
1075 1867 1121 1971 ι’νμ
1136 1867 1209 1972 ήξιοι
1224 1870 1403 1948 ἀποδειχθῶ

229 1979 278 2034 μεν
296 1955 346 2025 τής
366 1951 446 2032 παρὰ
467 1958 516 2014 τοι]
533 1953 692 2056 X660666'
677 1953 850 2062 εμαγγελιας.
872 1951 920 2056 064
943 1954 1081 2058 έγηωκῶς
1092 1951 1107 2015 6
1127 1952 1205 2035 ἀγιος
1223 1951 1341 2056 Κλήμης
1356 1951 1406 2015 διά

230 2039 278 2143 τόν
290 2037 359 2100 θεὸν
375 2011 544 2140 ὐπἐρορισθί
531 2063 612 2108 ιντας
627 2037 692 2118 ίῳη
708 2037 758 2098 οὐκ
759 2035 962 2140 ἀπροσῳόρως
976 2036 991 2100 6
1007 2035 1096 2118 κόριός
1109 2064 1143 2117 με
1158 2041 1287 2100 ἐνταῦθα
1299 2038 1408 2099 ἀπεκα-

229 2123 367 2201 τέστηεεν,
384 2119 475 2183 ἀλλ’
460 2135 507 2184 ι’να
513 2121 691 2223 σημμέτοχοςΙ
706 2119 848 2199 γενόμενος
868 2126 923 2185 τῶν
943 2122 1125 2203 παθημάτων
1140 2119 1216 2201 ὐμῶν
1231 2123 1270 2184 ἔτι
1283 2145 1409 2202 παρηγο-

229 2208 292 2286 ρίας
307 2202 485 2268 ὐποτόπωσιν
500 2202 546 2268 καλ
563 2203 702 2306 ὑπομονῆς
716 2205 871 2284 έμπαρέξω.

316 2289 490 2396 CLXXXI
530 2287 658 2369 Ἐμαθεν
674 2284 703 2392 66
721 2312 780 2369 παρ
806 2290 913 2364 αὐτῶν,
928 2289 971 2352 ὅτι
985 2291 1044 2354 ἀπὸ
1059 2291 1154 2371 μιλίων
1170 2290 1245 2364 λζ’
1220 2314 1252 2352 το
1267 2289 1372 2392 ὕδωρ
1357 2285 1407 2352 ε’πλ

230 2377 287 2438 τῶν
308 2373 427 2437 6'6666‘
404 2400 487 2454 ωμων
501 2374 633 2455 ἐκόμιζον.
653 2373 753 2436 αὐτίκα
768 2370 817 2435 066
832 2371 848 2434 6
865 2373 943 2458 άγιος
957 2375 1075 2456 Κλήμης
1092 2377 1288 2480 προετρέψατο
1304 2373 1410 2444 αὐτοὺς

232 2460 329 2540 λε’γων
353 2457 502 2538 εόξῶμεθα
521 2459 592 2540 πρὸς
606 2458 655 2519 τὸν
670 2457 759 2537 κόριον
774 2454 853 2538 ήμῶν
865 2459 969 2539 160066
974 2457 1158 2584 1Χριστὸν,’
1142 2485 1188 2522 ινα
1202 2469 1260 2530 τοῖς
1274 2455 1409 2538 ὁμολογη-

232 2553 296 2615 ταῖς
295 2547 374 2647 τής
374 2544 492 2613 πίστεως
508 2543 594 2606 αὐτοῦ
609 2541 695 2648 νιιμλγη
708 2542 811 2644 666604
827 2543 984 2644 διανοίξη1
999 2569 1046 2606 και
1061 2569 1077 2606 ο
1068 2541 1267 2617 πατάξας“
1241 2568 1289 2626 την
1300 2544 1409 2647 μέτρων

231 2630 259 2690 ἐν
275 2630 308 2710 γή
329 2625 419 2725 ἐρήμῳ
438 2631 487 2689 606
506 2631 593 2701 Σινά,
614 2623 661 2688 καὶ
680 2625 814 2729 ε’ρρόησαη
834 2621 968 2690 ὐδατα
941 2653 980 2698 εις
998 2627 1168 2709 πλησμονλγ,ι
1190 2627 1275 2700 αὐτὸς
1294 2623 1357 2706 ήμῐν
1371 2625 1409 2688 τὸ

232 2710 363 2816 ρλιγθμνον
378 2715 456 2790 νοῐμα
470 2710 620 2820 παράσχοι,
636 2707 713 2781 ὅπως
727 2737 760 2790 τη
778 2709 865 2774 αὐτοῦ
879 2713 994 2794 χορηγία
1007 2711 1219 2822 εὐφραηθῶμεν.
1244 2739 1291 2774 και
1282 2707 1339 2790 66
1355 2715 1411 2790 664

231 2795 335 2900 ἱκεσίμς
349 2798 544 2876 πληρωθείσης
559 2797 641 2858 ἔνθεν
656 2794 788 2858 κάκεῖθεν
787 2799 1010 2900 περιεβλέῳατο
1028 2821 1074 2859 και
1066 2793 1194 2858 ἐἶδεν
1175 2796 1266 2876 αμνὸν
1281 2797 1406 2868 εστῶτα,

231 2877 264 2950 ὃς
278 2880 326 2980 666
342 2879 430 2952 δεξιὸν
444 2878 550 2942 πόδα’
535 2877 687 2982 εκοίγγισεν,
707 2878 753 2940 οία
767 2879 816 2941 τόν
830 2877 917 2943 τόπον
932 2885 971 2958 τῴ
993 2877 1063 2983 ἁγίῳ
1077 2880 1217 3004 Κλήμεντι
1230 2877 1408 2985 ήποδεικνός

231 2987 294 3026 τοτε
312 2987 328 3024 ο
352 2960 428 3042 άγιος
447 2961 597 3042 Κλήμης’
577 2987 712 3066 εννμησμς
730 2961 777 3025 τὸν
797 2959 887 3043 κόριον
905 2964 1025 3039 ελναι,’
1010 2991 1042 3027 ον
1055 2963 1163 3076 66604‘2T
1177 2965 1262 3034 αὐτὸς
1276 2963 1409 3027 τεθέατο

232 3041 279 3109 καὶ
293 3045 385 3124 ἕτερος
398 3049 542 3116 παντελῶς
555 3039 652 3149 οὐδεις,
669 3044 809 3146 ἐπορεύθη
823 3046 895 3128 πρὸς
909 3047 959 3152 666
973 3047 1059 3112 τόπον
1074 3076 1120 3112 και
1136 3049 1221 3112 εἶπεν
1243 3051 1271 3112 ἐν
1285 3047 1407 3127 ὀνόματι

201 3181 206 3190 .
232 3133 283 3192 τοῦ
304 3129 412 3208 πατρὸς
434 3125 548 3192 καὶτοῦ
570 3129 629 3191 υἱοῦ
652 3125 699 3192 καὶ
723 3134 772 3194 τοῦ
792 3128 872 3213 ἀγίου
893 3132 1049 3214 πνεύματος
1070 3133 1205 3214 κροόσατε
1225 3135 1252 3235 έν
1272 3135 1311 3211 τῶ
1325 3131 1409 3210 τόπῳ

232 3212 330 3292 τοότῳ
351 3209 399 3276 καλ
420 3213 512 3306 ἐπειδή
527 3211 631 3284 πάντες
646 3216 673 3277 έν
688 3214 776 3294 κόκλῳ
791 3225 849 3286 τοῖς
863 3219 1029 3288 σκαπανίοις
1047 3219 1178 3320 έσηαψαν
1194 3213 1240 3279 καλ
1256 3218 1305 3280 οὐκ
1320 3217 1411 3278 αὐτὸν

232 3297 280 3362 τὸν
294 3297 389 3372 τόπον,
405 3299 433 3362 έν
449 3326 471 3378 ῳ
457 3291 502 3361 6
512 3297 635 3406 ἀμηδς’
619 3321 692 3378 εστη,
707 3277 801 3382 λάβ’ὼν
814 3301 909 3379 μικρὸν
924 3300 1090 3408 σκαλιδιον
1078 3328 1093 3364 0
1109 3301 1186 3384 ἀγιος
1201 3305 1357 3383 έλαῳρῳ
1329 3299 1409 3363 6006

185 3448 187 3452 ,
233 3408 300 3463 ματι
314 3383 362 3446 τόν
381 3381 467 3446 τόπον
491 3383 540 3446 τὸν
561 3381 615 3446 όπδ
634 3383 682 3446 τὸν
702 3383 777 3446 πόδα
800 3388 848 3446 τοῦ
870 3385 961 3487 66606
980 3385 1114 3491 ίκρουσεη,
1135 3385 1206 3448 ὅθεν
1225 3410 1356 3466 παραχρι
1353 3411 1403 3464 μα

234 3465 306 3548 πηγή
327 3465 557 3548 ὐπερβλυζούσαις
581 3475 644 3538 ταῖς
663 3464 767 3550 φλεψὶν
789 3465 996 3549 εὐπρεπεστάτη
1017 3469 1153 3574 ἀνειγάνη,
1177 3499 1193 3551 η
1212 3496 1252 3542 τις
1268 3469 1317 3532 066
1332 3469 1412 3550 ὁρμῇ

234 3553 386 3658 ἐκχυθεῖσα
401 3552 529 3650 ποταμόν
544 3551 715 3615 ἀπετελεσεν
730 3557 881 3656 τηνικαῦτα
896 3551 911 3615 6
927 3551 1004 3636 ἀγιος
1017 3555 1132 3659 Κλήμης
1146 3555 1260 3617 πάντων
1272 3554 1411 3634 ἀγαλλιω-

235 3637 322 3716 με’νων
337 3635 423 3698 εἶπεν
440 3639 489 3698 τοῦ
504 3637 632 3741 ποταμοῦ
646 3636 683 3698 τοὶ
702 3633 849 3739 όρμήματα
864 3637 1041 3741 εὐιγραίνουσι
1054 3637 1104 3719 τήν
1119 3638 1198 3702 πόλιν
1213 3643 1262 3702 τοῦ
1277 3643 1358 3700 θεον
1362 3639 1374 3678 ³

324 3718 516 3778 CLXXXII.
562 3719 619 3782 Διά
638 3719 741 3801 ταότην
756 3713 803 3826 066
817 3720 865 3802 τλγν
880 3721 974 3828 ῳήμηη
988 3725 1177 3826 προσέδραμεν
1195 3727 1278 3785 πάσα
1292 3720 1308 3803 6
1324 3725 1413 3830 ε’πμρ-

235 3803 293 3884 χιά,
309 3797 356 3864 καὶ
371 3827 397 3864 οι
392 3801 612 3884 ἐληλυθότες
593 3828 718 3875 απαντες
733 3805 803 3887 πρὸς
817 3805 867 3886 τήν
883 3805 995 3908 διδαχήν
1009 3811 1058 3868 τοι]
1077 3805 1157 3909 ἁγίου
1174 3806 1334 3909 Κλιγμεντος
1350 3809 1414 3870 615-

235 3887 372 3989 στρεῳον1
394 3887 465 3967 πρὸς
485 3887 534 3950 τὸν
531 3887 656 3992 κόριον,
680 3886 753 3951 ὥστε
771 3890 840 3952 καθ’
863 3887 966 3996 ἡμέραν
988 3889 1164 3996 πεντακόσιοι
1186 3887 1233 3953 καλ
1254 3894 1414 3995 περαιτέρω

233 3969 467 4054 βαπτιζόμενοι’
450 3969 613 4078 μνεχῶρουη.
637 3973 713 4044 ε’ντος
736 3970 800 4034 66⁸
785 3973 847 4044 ενδς
869 3975 947 4045 έτους
969 3973 1109 4079 γεγόνμσιν
1140 3975 1227 4037 ἐκεῖσε
1249 3973 1329 4078 παρά
1353 3980 1414 4039 τῶν

237 4059 342 4118 πιστῶν
361 4054 547 4160 ἑήδομήμοντα
568 4058 649 4118 πέντε
668 4057 818 4138 ἐκκλησίαι,
840 4085 886 4121 και
901 4057 997 4120 πάντα
1016 4059 1052 4121 τὰ
1068 4055 1169 4162 είδωλα
1184 4058 1415 4161 κατεθρύβησαν,

238 4137 343 4208 πάντες
358 4140 386 4201 06
403 4135 468 4201 6606
487 4163 536 4220 τιγς
555 4139 705 4219 περιχώρου
721 4143 936 4244 καθῃρέθησαν,
956 4142 1052 4205 πάντα
1067 4143 1104 4206 τὰ
1120 4143 1221 4224 6606'
1206 4139 1251 4206 επὶ
1265 4143 1415 4224 τριακόσια

237 4222 313 4299 μιλια
330 4221 361 4283 δι’
379 4221 476 4284 ὅλου’
460 4250 488 4286 εν
503 4221 591 4302 κόκλῳ
606 4221 801 4305 κατεκόπησαν
816 4223 863 4288 καὶ
878 4226 1127 4307 κατεστρώθησαν.
1425 4239 1439 4250 “

325 4305 532 4364 CLXXXIII
577 4285 790 4386 ’Τηνικαότα
758 4335 808 4413 μον
810 4308 983 4412 ε’πίιγθονον
1003 4309 1119 4392 διήγημα
1134 4313 1261 4411 διέδραμε
1275 4311 1348 4390 πρὸς
1363 4313 1416 4377 τόν

239 4388 357 4465 βασιλέα
376 4388 562 4465 Τραϊανὸν,
542 4416 581 4460 ως
597 4388 702 4452 αὐτόθι
716 4392 786 4470 πρὸς
801 4391 993 4473 ἀναρίθμητον
1005 4393 1144 4474 πληθος
1131 4420 1147 4457 ο
1163 4399 1218 4457 τῶν
1230 4401 1415 4473 Χριστιανῶν
