3126 4894
566 349 720 398 serrone
737 351 880 400 erman.
1247 337 1309 401 227

131 495 257 550 hominis
270 513 354 549 aures
367 500 452 564 atque
466 495 556 561 oculi,
574 495 706 565 quoniam
724 503 756 550 tu
773 496 887 550 dixisti:
910 497 1090 566 Quaecunque
1102 499 1238 566 patientie
1254 519 1309 554 cre·

132 565 226 618 dentes
239 565 390 633 accipietis,
403 561 516 616 ethaeo
528 569 578 616 tua
590 563 739 632 promissio
751 569 898 633 permanet
910 564 939 616 in
952 565 1079 618 seculum
1098 565 1195 618 seculi.
1227 565 1309 619 Cum-

152 648 188 685 ue
202 647 301 684 omnes
316 629 447 683 dixerunt
460 628 561 696 Amen,
575 631 670 684 subito
683 631 776 700 aperti
789 639 854 684 sunt
867 631 942 685 oculi
953 630 1071 685 Sisinnii
1084 631 1208 702 itemque
1218 650 1308 687 aures.

161 705 174 751 t
186 697 333 752 Sisinnius
345 697 448 750 videns
462 705 591 750 sanctum
605 697 781 752 Clementem
795 704 917 752 stantem
931 717 994 752 cum
1008 700 1130 770 coniuge
1149 717 1200 754 sua
1215 707 1309 754 mente

131 765 242 820 excidit
254 769 401 834 reputans,
435 764 551 818 uiduam
563 764 617 818 hoc
628 772 714 831 esset,
728 783 761 819 ac
773 766 939 819 existimans
949 766 979 818 id
990 767 1190 838 praestigiosis
1200 767 1309 822 artibus

130 840 163 888 et
180 832 366 886 illusionibus
384 849 398 885 e
426 837 520 885 ectum
537 831 640 898 fuisse,
658 833 754 902 coepit
771 833 858 886 servit
876 833 934 886 suis
952 834 1085 888 mandare
1098 841 1184 903 atque
1198 835 1306 889 dicere:

131 901 245 954 Tenete
263 898 441 954 Clementem
458 899 638 980 episcopum,
659 917 725 954 nam
746 906 778 953 ut
799 899 996 972 ingrederetur
1018 902 1055 956 ad
1076 919 1189 956 uxorem
1207 921 1307 969 meam,

131 968 247 1040 magica
261 985 312 1021 sua
324 973 385 1022 arte
399 965 468 1020 mihi
482 973 651 1022 caecitatem
664 967 783 1021 induxit.

202 1083 319 1137 CLXX.
354 1083 404 1136 Illi
416 1101 496 1146 vero,
515 1101 585 1152 quos
607 1085 729 1138 iusserat
742 1083 918 1139 Clementem
932 1086 1127 1168 constringere
1140 1105 1174 1142 ac
1186 1087 1308 1154 trahere,

131 1153 280 1207 columnas
296 1151 463 1205 adiacentes
480 1151 612 1223 ligabant
631 1159 660 1204 et
677 1151 829 1206 trahebant
846 1153 1001 1222 aliquando
1020 1156 1134 1223 quldem
1147 1172 1181 1208 ex
1194 1155 1308 1208 interio-

131 1220 213 1273 ribus
226 1219 264 1273 ad
276 1219 424 1286 exteriora,
438 1218 476 1272 ali
497 1218 590 1272 nando
604 1236 670 1272 vero
683 1220 719 1274 ab
733 1219 920 1274 exterioribus
933 1221 970 1274 ad
983 1221 1132 1288 interiora,
1146 1221 1200 1274 hoe
1213 1227 1309 1275 autem

133 1287 190 1357 ipsi
204 1287 291 1340 etiam
305 1285 430 1339 Sisinnio
443 1237 610 1352 videbatur,
624 1287 699 1355 quod
713 1291 841 1340 sanctum
855 1286 1032 1341 Clementem
1044 1289 1165 1369 ligatum
1177 1293 1309 1341 tenerent

131 1371 166 1409 ae
180 1353 334 1407 traherent.
371 1353 461 1417 Quem
473 1353 587 1406 intuens
601 1360 718 1407 sanctus
729 1353 860 1407 Clemens
875 1354 965 1406 dixit:
984 1354 1100 1408 Duritia
1117 1355 1210 1408 cordis
1222 1355 1266 1408 tui
1279 1354 1309 1408 in

131 1421 246 1491 lapides
265 1437 402 1475 conversa
418 1426 478 1488 est,
495 1420 562 1490 quia
580 1420 655 1474 enim
673 1421 784 1491 lapides
803 1427 887 1490 putas
900 1437 963 1474 esse
977 1421 1060 1488 deos,
1075 1421 1186 1492 lapides
1197 1422 1309 1476 trahere

132 1489 252 1544 sortitus
266 1505 304 1541 es.

203 1588 334 1642 CLXXI.
370 1587 425 1642 Ille
448 1605 515 1642 vero
539 1588 621 1657 quasi
644 1589 730 1642 beato
751 1588 849 1642 vincto
874 1588 1016 1643 insultans
1040 1588 1169 1643 dicebat:
1194 1589 1257 1660 Ego
1278 1597 1308 1643 te

131 1657 239 1710 faciam
256 1657 286 1709 in
309 1673 389 1709 exem
410 1656 469 1708 lum
491 1656 615 1709 omnium
639 1655 890 1726 praestigiatorum
914 1656 1046 1710 interimi.
1083 1657 1166 1710 Tunc
1190 1663 1306 1711 sanctus

130 1723 267 1778 Clemens
289 1741 353 1776 eum
396 1722 504 1776 edisset
525 1722 681 1776 orationem
703 1729 732 1778 et
750 1723 829 1778 uxori
851 1725 911 1778 eins
932 1723 1143 1790 benedixisset,
1165 1724 1237 1778 abiit
1253 1724 1308 1778 hoc

131 1792 227 1846 eidem
244 1791 452 1856 mandans,·ne
470 1789 506 1844 ab
525 1790 652 1844 oratione
670 1789 729 1845 ullo
746 1791 830 1845 modo
847 1798 988 1856 cessaret,
1006 1793 1096 1846 donee
1113 1792 1308 1846 visitationem

132 1877 214 1913 suam
226 1857 367 1912 Dominus
381 1858 410 1910 in
422 1858 512 1910 virum
525 1857 586 1910 eius
600 1857 766 1937 dignaretur
777 1860 935 1913 ostendere.
959 1859 1057 1913 Flenti
1070 1860 1160 1931 igitur
1172 1867 1201 1914 et
1214 1859 1307 1914 oranti

132 1926 303 1981 Theodorae
315 1926 352 1980 ad
364 1942 511 2004 vesperam
523 1932 655 2004 apparuit
667 1925 782 2006 quidam
797 1927 840 1979 vir
852 1927 962 1981 canicie
974 1928 1152 1981 venerandus
1165 1927 1307 1996 dixitque:

131 1995 254 2065 Propter
265 1999 295 2048 te
309 2011 394 2047 sanus
407 1998 461 2071 emt
474 1993 627 2071 Sr'srnnrus,
640 1999 672 2072 ut
682 1994 834 2113 rmdpleatur
842 1995 917 2064 quod
927 1995 999 2074 dixit
1011 1995 1100 2050 frater
1111 2012 1190 2048 meus
1202 1995 1308 2074 Paulus

131 2059 634 2206 tlttlltitutttlittet.
653 2060 782 2182 thil
804 2061 1307 2200 ..tldultttittlnbitit.

131 2203 192 2250 tum
205 2196 322 2250 Petrum
335 2195 495 2265 apostolum
509 2194 570 2247 illrc
583 2195 757 2264 apparuisse.

201 2311 347 2367 CLXXII.
382 2313 420 2365 Et
437 2329 502 2366 vero
525 2311 622 2366 statim
640 2311 781 2367 Sisinnius
799 2314 912 2367 vocavit
930 2313 1108 2367 Theodoram
1129 2315 1226 2384 aitque
1248 2315 1306 2368 illi:

132 2377 258 2434 Obsecro
271 2387 315 2448 te,
334 2386 366 2434 ut
378 2397 462 2450 roges
474 2379 567 2434 Deum
580 2385 672 2446 tuum,
691 2397 727 2434 ne
745 2379 883 2434 irascatur
895 2381 972 2434 mihi.
1008 2381 1160 2450 Zelotypia
1178 2381 1252 2434 enim
1264 2382 1306 2434 tui

133 2449 236 2502 duetus
249 2448 352 2502 adveni
365 2453 394 2502 et
408 2449 553 2518 ingressus
567 2465 628 2500 sum
640 2453 742 2516 postea
759 2448 788 2500 in
807 2448 972 2515 ecclesiam,
991 2454 1020 2502 et
1037 2448 1104 2516 quia
1120 2448 1198 2500 volui
1210 2448 1307 2502 videre

132 2533 205 2586 quae
223 2515 442 2570 celebrabantur
457 2516 594 2596 mysteria
610 2515 779 2584 auditorque
796 2531 860 2568 esse
879 2532 974 2568 eorum
993 2532 1065 2584 quae
1083 2514 1265 2580 dicebantur,
1278 2521 1308 2568 et

131 2585 224 2636 visum
242 2589 271 2636 et
288 2583 417 2637 auditum
435 2582 526 2636 amrsi.
561 2583 645 2638 Nunc
662 2597 728 2636 vero
745 2583 974 2702 quandopuidem
990 2581 1062 2636 haee
1078 2599 1123 2660 me
1141 2599 1307 2660 recuperare

131 2651 204 2704 fecit
216 2649 374 2704 Clementis
386 2651 526 2704 adventus
539 2668 587 2704 ora
600 2667 672 2716 eum,
685 2655 717 2702 ut
729 2650 826 2703 veniat
839 2667 856 2703 a
888 2667 932 2703 me
942 2666 1042 2719 meque
1055 2649 1144 2703 faciat
1156 2655 1307 2703 veritatem

131 2735 297 2790 agnoscere.
314 2717 429 2772 Etenim
439 2717 509 2770 mihi
522 2718 665 2786 servisque
678 2717 750 2771 meis
760 2735 809 2788 pro
823 2723 900 2771 certo
912 2717 1075 2788 putabatur,
1109 2716 1165 2770 uod
1178 2715 1306 2770 Clemen-

131 2791 191 2839 tem
208 2803 272 2839 cum
289 2785 351 2839 eius
369 2785 480 2839 clericis
503 2785 523 2838 li
546 2791 627 2839 arent·
648 2801 767 2865 eumque
790 2784 992 2852 distraherent3
1012 2784 1063 2838 sed
1080 2734 1125 2837 ihi
1146 2783 1257 2854 lapides
1279 2789 1308 2837 et

133 2854 281 2907 columnas
293 2853 401 2924 ligasse
414 2861 443 2906 et
455 2852 510 2906 huc
523 2803 648 2922 Clueque
660 2858 780 2907 traxisse
793 2854 991 2908 noscebantur.

201 2969 363 3023 CLXXIII.
399 2971 481 3024 Tune
502 2987 569 3041 ergo
587 2970 737 3025 Theodora
752 2969 881 3042 proiecta
903 2970 1027 3025 narravit
1045 2975 1144 3024 sancto
1166 2967 1307 3023 Clementi

130 3038 242 3104 omnia,
263 3055 334 3107 quae
353 3037 464 3092 viderat
482 3047 511 3091 et
547 3053 600 3091 uae
614 3038 743 3092 emerito
758 3057 808 3093 suo
825 3040 903 3093 dicta
915 3039 1035 3093 fuerant.
1070 3037 1197 3092 Veniens
1211 3038 1306 3108 itaque

132 3111 251 3160 sanctus
270 3106 307 3158 ad
324 3104 478 3159 Sisinnium
496 3055 585 3158 millite
604 3123 666 3158 cum
682 3105 787 3160 honore
810 3113 959 3177 susceptus
982 3112 1033 3160 est.
1068 3104 1096 3158 A
1113 3123 1168 3175 quo
1187 3105 1305 3170 audivit,

151 3190 319 3242 uaecnnque
352 3173 388 3227 ad
417 3171 647 3226 aedificationem
675 3173 786 3226 animae
815 3190 882 3226 suae
906 3174 1102 3243 pertinebant,
1131 3179 1160 3227 et
1182 3173 1306 3227 credidit

130 3191 197 3361 Cleo
227 3257 261 3294 ex
290 3247 351 3294 toto
380 3243 474 3294 animo
504 3245 533 3294 et
562 3239 657 3310 coepit
685 3239 722 3292 ad
745 3240 834 3309 pedes
855 3240 934 3293 beati
959 3239 1115 3293 Clementis
1139 3239 1253 3293 advolvi
1278 3245 1307 3294 et

131 3327 148 3362 o
162 3324 271 3362 amare:

185 3407 343 3462 CLXXIV.
381 3405 496 3466 Gratias
514 3425 568 3487 ago
585 3423 651 3460 vero
663 3405 727 3460 Deo
746 3411 775 3459 et
792 3406 994 3486 omnipotenti,
1009 3403 1057 3474 qui
1070 3422 1114 3458 me
1127 3403 1192 3458 ideo
1206 3421 1304 3458 excae-

130 3476 224 3540 cavit,
237 3482 270 3528 ut
281 3475 394 3528 videam
407 3491 483 3543 eum,
501 3479 530 3528 et
543 3475 608 3528 rdeo
628 3473 756 3526 auditum
774 3473 895 3528 abstulit
907 3473 989 3542 mihi,
1001 3477 1034 3525 ut
1046 3472 1076 3525 in
1089 3489 1143 3541 quo
1156 3472 1305 3525 veritatem

130 3543 288 3613 aliquando
305 3542 343 3596 ob
360 3542 550 3613 ignorantiam
572 3541 749 3608 deridebam,
772 3542 871 3596 eodem
887 3541 987 3595 auditu
1004 3557 1066 3594 eam
1083 3539 1256 3609 acciperem:
1276 3546 1305 3592 et

130 3611 187 3664 hoc
206 3610 320 3680 quidem
340 3609 475 3679 putabam
492 3609 596 3663 falsum
614 3625 690 3675 esse,
708 3609 784 3679 quod
798 3626 894 3663 verum
907 3615 982 3674 erat,
999 3607 1304 3670 existimabamautem

129 3695 227 3731 rursus
244 3695 341 3732 verum
357 3677 432 3746 quod
450 3676 556 3730 falsum
573 3683 647 3742 erat,
666 3677 799 3732 tenebras
817 3677 952 3747 putabam
971 3677 1064 3730 lucem
1077 3682 1107 3730 et
1123 3675 1216 3730 lucem
1227 3680 1306 3728 tene·

129 3745 198 3799 bras
210 3744 376 3800 arbitrabar.
396 3742 453 3798 Sed
464 3749 602 3815 purgatus
615 3749 660 3797 est
672 3745 782 3798 animus
795 3762 873 3799 meus
887 3763 904 3800 a
917 3745 1046 3799 sordibus
1059 3743 1152 3797 insani
1165 3741 1303 3797 idolorum

131 3813 236 3866 cultus.
263 3813 337 3866 Vere
350 3811 491 3882 siquidem
503 3811 608 3883 agnovi
621 3811 715 3882 decipi
728 3829 745 3865 a
758 3812 943 3870 daemonibus
955 3812 1084 3867 homines
1096 3815 1128 3864 ut
1141 3812 1170 3864 in
1183 3827 1240 3880 eos,
1254 3808 1303 3879 qui

132 4071 161 4119 V.
178 4097 213 4105 —
237 4065 265 4136 4)
287 4070 377 4118 Matth.
395 4065 441 4130 21,
457 4065 499 4117 22.
525 4095 559 4103 -
582 4065 608 4127 5)
633 4065 699 4118 aloi-
793 4069 852 4133 Cap.
877 4065 1004 4117 CLXXII.
1059 4061 1086 4130 1)
1108 4059 1172 4122 etta
1191 4065 1220 4112 0.

131 4137 222 4195 ναςθ-
688 4191 693 4202 ’
793 4185 851 4249 021),
877 4183 1012 4234 CLXXIV.
1060 4179 1085 4242 1)
1117 4177 1249 4248 ἆφείλατυ
1274 4179 1304 4237 V,

185 4263 245 4329 Cep.
259 4261 362 4312 CLXX.
398 4259 422 4324 1)
434 4256 546 4313 ἀπιδὼν
558 4261 587 4310 0.
741 4251 887 4319 pronomine
897 4269 955 4319 μου
980 4249 1080 4300 omisso.
1098 4275 1133 4284 -
1148 4244 1176 4310 2)
1189 4241 1259 4315 ὅπερ
1273 4249 1302 4294 0.

185 4387 244 4454 Cap.
259 4385 373 4438 CLXXI.
411 4382 437 4453 1)
460 4383 577 4447 ICor.7,
590 4385 630 4435 14.
1101 4448 1145 4488 1⁵·
