3126 4894
599 313 755 364 annona
772 314 915 366 musas.
1282 302 1342 368 179

163 461 214 516 sit.
249 460 325 518 Nam
345 459 421 515 sicut
439 459 488 530 qui
505 457 638 530 cupidine
655 459 858 528 inflammatur,
880 479 898 516 a
915 461 1120 517 consuetudine
1137 463 1290 532 mulcetur,
1312 471 1342 520 et

162 529 276 584 amicus
293 546 312 583 a
331 527 572 594 remuneratione,
595 527 637 582 ita
658 533 687 583 et
708 527 757 598 qui
777 528 939 596 miseretur,
961 547 978 583 a
996 530 1170 586 calamitate.
1205 530 1356 587 Attamen·

162 597 329 650 misericors
341 595 464 650 humano
476 593 587 648 vicinus
600 601 658 662 est,
678 595 810 666 quoniam
821 595 930 666 absque
942 598 1066 651 muneris
1078 599 1165 652 ullius
1178 599 1342 670 captatione

162 665 204 718 ad
215 663 420 743 praestandum
432 661 603 718 beneficium
616 662 711 717 fertur.
747 663 880 718 Nondum
892 669 988 718 tamen
999 664 1138 720 humanus
1150 671 1202 720 est.
1236 668 1274 720 Et
1287 683 1341 788 ego

163 731 242 784 dixi:
280 729 324 785 Ob
346 747 417 810 quas
440 729 530 801 igitur
550 730 678 785 actiones
701 731 839 785 humanus
863 731 926 802 quis
948 749 1010 786 esse
1030 733 1148 802 potest?
1182 734 1297 815 Respon
1319 735 1342 788 it

161 798 284 852 Petrus:
315 797 390 862 Quia
406 798 491 852 video
509 803 538 852 te
556 797 689 868 cupidum
702 799 851 865 audiendi,
870 799 1011 868 quodnam
1024 801 1062 854 sit
1078 801 1265 856 humanitatis
1279 801 1341 856 offi-

163 867 258 934 cium,
278 883 337 919 non
354 865 468 938 pigebit
486 865 588 918 dicere.
624 865 772 920 Humanus
790 872 846 933 est,
866 865 914 936 qui
933 867 1018 922 etiam
1036 868 1160 922 inimicis
1176 869 1249 924 bene
1262 869 1341 924 facit.

163 934 250 998 Quod
262 938 358 988 autem
371 933 413 986 ita
423 933 545 998 habeat,
559 932 634 988 audi.
669 933 839 988 Humanitas
854 941 899 987 est
910 935 1154 1004 masculofemina,
1168 937 1247 992 cuius
1260 937 1340 991 femi-

162 1019 222 1056 nea
238 1019 305 1072 pars
322 1000 517 1055 misericordia
534 1000 652 1068 dicitur,
670 1001 746 1071 quod
762 1018 828 1055 vero
849 1001 879 1054 in
897 1001 947 1056 illa
965 1008 1010 1056 est
1033 1005 1203 1072 masculum,
1223 1005 1340 1059 dilectio

164 1086 237 1140 erga
253 1069 413 1139 proximum
430 1067 605 1134 nominatur,
623 1069 765 1138 proximus
782 1075 877 1122 autem
892 1069 1001 1123 homini
1014 1078 1059 1124 est
1071 1072 1193 1142 quilibet
1206 1071 1298 1138 homo,
1312 1077 1341 1127 et

163 1155 224 1190 non
237 1136 306 1206 quia
322 1153 395 1190 unus
414 1135 512 1190 homo:
531 1135 614 1190 homo
627 1135 703 1190 enim
716 1142 760 1190 est
773 1137 858 1192 etiam
872 1137 963 1190 malus
977 1143 1006 1192 et
1018 1139 1118 1206 bonus,
1131 1139 1223 1194 hostis
1235 1139 1342 1210 pariter

163 1222 201 1259 ac
217 1204 337 1258 amicus.
373 1201 492 1274 Oportet
509 1219 576 1275 ergo
594 1221 670 1270 eum,
712 1204 741 1257 ui
761 1203 966 1258 humanitatem
985 1207 1069 1273 colit,
1091 1207 1262 1262 imitatorem
1282 1206 1340 1261 Dei

165 1288 246 1338 esse,
265 1277 296 1326 et
313 1271 348 1324 de
367 1271 451 1324 iustis
468 1276 498 1324 at
519 1289 553 1325 ue
571 1271 686 1324 iniustis
725 1289 776 1326 ene
793 1273 907 1338 mereri,
926 1272 1077 1343 sicutipse
1094 1275 1173 1328 Deus
1187 1274 1298 1327 cunctis
1311 1274 1341 1327 in

163 1339 221 1394 hoc
238 1339 344 1392 mundo
363 1339 453 1392 solem
470 1337 509 1391 im
530 1355 631 1406 resque
650 1357 716 1393 suos
738 1339 864 1410 praebet,
900 1339 1008 1404 Quodsi
1029 1341 1101 1394 velis
1121 1340 1205 1394 bonis
1226 1341 1341 1411 quidem

164 1406 347 1472 benefacere,
359 1424 418 1460 non
427 1412 523 1460 autem
531 1407 625 1473 malis,
637 1408 684 1461 vel
693 1407 745 1461 hos
757 1407 866 1477 punire,
880 1406 984 1460 iudicis
993 1425 1093 1462 munus
1104 1408 1221 1478 implere
1230 1409 1339 1476 niteris,

164 1491 224 1530 non
235 1491 303 1528 vero
315 1473 421 1528 habere
434 1473 642 1530 humanitatem
655 1475 776 1530 conaris.

233 1557 325 1614 XCV.
361 1557 400 1612 Et
413 1575 467 1630 ego
481 1558 553 1612 dixi:
572 1559 649 1631 Ergo
659 1560 748 1626 Deus,
780 1559 809 1614 ui
822 1557 975 1629 aliquando
987 1558 1164 1614 iudicaturus
1177 1566 1231 1626 est,
1243 1566 1276 1614 ut
1287 1577 1339 1616 nos

165 1625 263 1694 doces,
277 1643 336 1680 non
348 1633 393 1680 est
404 1625 563 1680 humanus?
580 1625 624 1681 Ac
637 1627 751 1680 Petrus:
795 1625 934 1698 ugnantia
946 1626 1078 1696 loqueris.
1102 1626 1176 1682 Nam
1189 1628 1255 1698 quia
1267 1629 1339 1698 iudi-

166 1694 260 1760 cabit,
282 1693 348 1748 ideo
366 1693 506 1747 humanus
529 1700 582 1750 est.
617 1694 753 1766 Diligens
773 1697 848 1748 enim
869 1711 902 1748 ac
924 1695 1074 1748 miseratus
1094 1695 1197 1750 iniuria
1219 1695 1339 1749 affectos

164 1762 271 1884 plectit
284 1778 347 1840 eos,
365 1761 413 1840 qui
425 1760 557 1840 iniuriam
569 1762 734 1840 intulerunt.
768 1762 806 1815 Et
819 1779 873 1834 ego
885 1762 995 1883 Itaque,
1009 1762 1132 1832 inquam,
1146 1763 1171 1816 si
1182 1763 1244 1882 iplse
1256 1763 1339 1816 bonis

187 1829 318 1884 enefacm
332 1835 361 1882 et
373 1829 524 1884 iniuriosos
556 1831 604 1884 uia
616 1829 712 1882 iniurii
725 1846 794 1901 erga
805 1829 934 1884 homines
955 1837 1056 1884 uerunt
1066 1830 1187 1902 castigo,
1220 1848 1338 1884 umanus

166 1915 236 1950 sum.
271 1895 311 1950 Et
322 1897 424 1950 Petrus
436 1845 599 1966 responiit:
619 1895 650 1950 Si
662 1915 719 1951 una
731 1915 794 1952 curn
811 1898 996 1968 praenotione
1010 1897 1131 1952 haberes
1144 1915 1254 1968 quoque
1267 1897 1339 1952 iudi-

166 1964 252 2019 candi
263 1969 453 2036 potestatem,
466 1971 544 2019 recte
558 1965 588 2017 id
600 1964 724 2032 faceres,
741 1983 792 2036 per
804 1971 951 2046 acceptam
964 1965 1077 2036 quidem
1089 1972 1262 2036 potestatem
1274 1983 1339 2019 con·

167 2033 305 2086 demnans
319 2049 377 2098 eos,
391 2049 460 2101 quos
473 2031 553 2085 Deus
564 2032 681 2099 creavit,
693 2049 744 2102 per
755 2039 970 2103 praenotionem
978 2051 1054 2100 vero,
1068 2033 1213 2104 inculpate
1225 2033 1254 2086 in
1267 2033 1339 2087 iudi-

166 2101 259 2154 cando
276 2105 338 2153 tum
355 2100 427 2153 alios
444 2105 580 2179 tanquam
596 2100 687 2154 iustos
705 2100 870 2168 absolvens,
895 2106 956 2154 tum
973 2101 1044 2155 alios
1063 2107 1198 2171 tanquam
1218 2101 1339 2154 iniustos

166 2169 313 2222 damnans.
343 2167 382 2222 Et
394 2185 448 2238 ego
462 2167 536 2220 dixi:
554 2167 644 2221 Recte
657 2168 769 2222 locutus
782 2187 812 2223 es
825 2186 859 2223 ac
870 2185 950 2236 vere;
962 2167 1024 2222 fieri
1037 2169 1113 2223 enim
1124 2169 1234 2239 nequit,
1246 2174 1279 2222 ut
1291 2167 1340 2238 qui

165 2234 354 2306 praenotione
364 2241 451 2302 carot,
464 2240 543 2290 recte
556 2235 672 2290 iudicet.
699 2237 845 2290 Interdum
857 2237 962 2306 quippe
974 2237 1105 2290 nonnulli
1117 2237 1250 2292 videntur
1261 2236 1339 2316 boni²

166 2303 217 2374 qui
233 2302 340 2356 illicita
360 2302 434 2356 clam
451 2308 632 2372 perpetrant,
653 2304 783 2358 nonnulli
799 2321 865 2358 vero
883 2304 952 2358 boni
969 2303 1094 2357 hostium
1111 2305 1254 2358 calumnia
1271 2303 1339 2358 malr

166 2387 231 2425 esse
244 2370 405 2424 creduntur.
429 2369 486 2424 Sed
498 2369 553 2424 etsi
566 2371 629 2441 quis
644 2377 788 2450 potestate
800 2371 951 2440 torquendi
962 2371 1108 2440 praeditus
1120 2371 1238 2438 iudicet,
1248 2387 1339 2440 neque

167 2439 210 2494 sic
226 2439 304 2492 iuste
322 2437 435 2491 omnino
451 2436 571 2492 habebit
593 2438 727 2492 iudicare.
762 2437 884 2502 Quidam
898 2437 973 2490 enim
989 2437 1149 2492 homicidae
1162 2437 1338 2507 quaestionis

166 2511 310 2560 tormenta
321 2504 498 2574 perferentes
511 2505 622 2558 dimissi
640 2510 706 2558 sunt
722 2505 802 2558 velut
813 2505 935 2570 innoxii,
949 2504 1000 2558 alii
1011 2521 1092 2571 veru,
1106 2505 1155 2574 qui
1167 2509 1247 2559 erant
1259 2505 1338 2559 inno-

167 2579 281 2640 centes,
300 2590 363 2628 cum
379 2578 521 2627 tormenta
537 2573 610 2628 ferre
631 2591 689 2628 non
703 2572 880 2644 potuissent,
904 2577 1002 2626 contra
1019 2590 1049 2626 se
1069 2572 1183 2626 mentiti
1199 2573 1280 2627 velut
1296 2571 1339 2626 rei

168 2641 312 2712 supplicio
324 2639 424 2695 affecti
438 2646 510 2694 sunt.

233 2723 340 2780 XCVI.
369 2725 443 2778 Tum
454 2725 555 2780 Petrus
571 2725 656 2778 dixit:
675 2723 771 2795 Atque
783 2723 855 2778 haec
868 2723 980 2779 modica
993 2729 1067 2791 sunt,
1081 2723 1226 2782 audivero
1238 2722 1337 2777 maius.

167 2791 239 2846 Cum
257 2791 348 2862 aliqui
364 2791 493 2846 homines
509 2798 632 2863 peceant
647 2793 694 2846 vel
710 2794 783 2847 bene
802 2797 906 2864 agunt,
925 2809 1019 2846 eorum
1032 2809 1103 2862 quae
1116 2796 1268 2862 operantur
1280 2791 1339 2846 alia

166 2861 284 2930 quidem
296 2860 421 2930 ipsorum
433 2861 546 2938 propria
558 2867 638 2926 sunt,
656 2861 714 2915 alia
730 2878 796 2915 vero
814 2861 923 2928 aliena3
941 2877 1061 2930 aequum
1077 2865 1172 2914 autem
1185 2865 1229 2913 est
1240 2876 1338 2912 unum-

155 2943 160 2954 ·
186 2943 308 3048 uempue
320 2945 371 2998 pro
384 2927 499 2981 dehetis
511 2929 632 2998 propriis
646 2929 712 2982 dare
724 2946 844 2998 poenas,
858 2933 907 2983 aut
919 2947 969 2998 pro
980 2928 1089 2982 meritis
1101 2927 1221 2998 propriis
1233 2943 1337 2989 merce-

166 2946 233 3050 dem
263 3013 330 3050 erre.
366 2995 444 3049 Fieri
456 3001 553 3050 antem
565 2995 678 3065 nequit,
695 3003 728 3050 ut
740 2997 894 3067 quispiam,
914 2997 970 3052 nisi
982 2997 1059 3050 solus
1071 2996 1210 3068 propheta
1221 3011 1338 3066 praeno·

166 3065 276 3118 tionem
288 3062 449 3130 habens,ab
460 3063 557 3132 aliquo
567 3071 649 3134 gesta
659 3065 741 3130 sciat,
752 3081 889 3134 quaenam
899 3065 960 3119 eius
968 3065 1083 3144 propria
1093 3065 1150 3118 sint
1160 3070 1189 3118 et
1218 3079 1338 3118 uaenam

166 3149 225 3186 non
238 3131 311 3198 sint3
323 3130 404 3184 videt
416 3131 491 3184 enirn
504 3138 617 3198 cuncta,
631 3149 702 3200 quae
716 3131 796 3184 fiunt.
826 3133 864 3185 Et
879 3148 933 3212 ego
946 3133 1018 3184 dixi:
1038 3133 1150 3187 Vellem
1162 3081 1269 3197 suine,
1282 3146 1337 3200 quc

167 3198 251 3252 modo
264 3216 300 3253 ex
312 3197 478 3252 criminibus
491 3203 541 3252 aut
551 3199 634 3253 bonis
647 3199 781 3267 operibus
795 3199 853 3254 alia
881 3200 977 3253 uidem
990 3205 1056 3252 sunt
1067 3217 1118 3269 pro
1138 3201 1181 3254 ria
1203 3199 1260 3252 alia
1271 3213 1337 3250 vero

167 3266 271 3322 aliena.
288 3265 451 3336 Respondit
462 3266 579 3320 Petrus:
598 3265 738 3320 Dominus
751 3272 848 3320 noster
858 3216 939 3320 iesus
952 3265 1082 3319 Christus
1095 3219 1172 3320 filius
1181 3237 1239 3318 bei
1251 3263 1336 3316 dixit:

169 3335 290 3404 Oportet,
302 3342 333 3386 at
343 3335 454 3388 veniant
465 3335 553 3402 bona,·
568 3335 660 3388 beatas
672 3342 769 3400 autem,
782 3333 889 3402 inquit,
898 3351 950 3402 per
963 3350 1041 3400 quem
1052 3335 1168 3386 veniunt.
1203 3332 1338 3386 Similiter

166 3419 273 3456 aecem
291 3409 342 3468 est,
359 3408 389 3454 ut
407 3403 490 3454 etium
507 3402 620 3455 ueniant
636 3403 730 3468 malm
754 3419 804 3454 vae
821 3400 1042 3465 antecedebant,
1060 3417 1112 3468 per
1131 3416 1207 3466 quem
1219 3399 1336 3450 vestiunt.

166 3468 254 3522 Porro
272 3467 297 3521 si
314 3485 365 3538 per
380 3469 471 3522 malos
487 3468 605 3522 veniunt
623 3469 698 3522 mala
715 3475 744 3522 et
761 3467 912 3538 perbonos
924 3466 999 3520 bona
1012 3465 1182 3532 inferuntur,
1195 3462 1337 3534 proprium

166 3536 322 3605 unicuique
335 3535 429 3590 inesse
448 3535 535 3590 debet
550 3536 654 3590 bonum
667 3536 714 3590 vel
725 3537 844 3602 malum,
863 3551 897 3588 ex
910 3533 946 3587 iis
959 3551 1031 3603 quae
1043 3533 1121 3604 prius
1133 3537 1265 3654 operatus
1279 3536 1336 3610 est,

167 3604 244 3673 quod
260 3603 379 3657 veniunt
397 3603 523 3657 secunda
538 3603 614 3658 bona
629 3605 676 3658 vel
693 3605 781 3672 mala,
801 3619 886 3674 quae,
905 3619 969 3656 cum
986 3601 1129 3672 apropria
1165 3600 1266 3654 ominis
1280 3604 1337 3652 sint

167 3672 327 3736 voluntate,
339 3675 372 3724 ut
384 3671 557 3737 exoriantur,
572 3671 669 3726 divina
681 3671 808 3726 instituit
819 3669 1006 3742 providentia.
1041 3669 1143 3740 Itaque
1156 3669 1211 3722 hoo
1224 3671 1268 3721 est
1279 3665 1337 3720 Dei

167 3739 319 3805 iudicium,
340 3743 373 3792 ut
385 3738 434 3810 qui
445 3756 496 3808 per
513 3755 623 3794 omnem
634 3740 828 3807 vexationem,
841 3738 961 3794 velutin
974 3755 1079 3810 agone,
1096 3737 1242 3795 transierit
1255 3740 1283 3792 et
1295 3735 1336 3788 in-

168 3965 201 4013 V.
218 3991 253 3999 -
268 3958 297 4028 2)
314 3963 391 4013 Voce.
406 3958 457 4028 οὐχ
470 3957 513 4011 ὅτι
527 3954 565 4020 εἷς
579 3957 732 4027 ἄνθρωπος

168 4047 216 4080 om.
237 4031 265 4080 in
288 4031 317 4080 Ο,
341 4029 433 4078 Melius
454 4035 538 4079 noster
556 4031 631 4079 Hom.
650 4030 732 4080 Codex
827 4031 990 4096 CapXGVI.
1026 4028 1119 4096 1)ἔφη
1133 4024 1337 4107 0.-2)1ta03

169 4093 221 4164 οὐχ
233 4093 294 4156 ὅτις
306 4089 461 4166 ἄνθρωπος
472 4118 506 4138 ==
517 4113 568 4146 non
580 4098 621 4148 hic
635 4098 674 4148 vol
685 4097 733 4146 iste
776 4097 820 4146 ubi
831 4101 913 4147 tamen
927 4095 1054 4165 ἔρχονται
1067 4112 1122 4158 scr,
1136 4091 1198 4146 οὐαὶ
1210 4092 1240 4144 δὲ
1253 4089 1288 4144 ‹h’
1302 4111 1335 4144 ου

168 4165 251 4216 1ιοιιιο.
777 4163 884 4232 ἔρχεται
905 4166 994 4213 Matth.
1016 4159 1056 4224 18,
1078 4159 1100 4213 7.
1125 4157 1242 4222 Luall,
1262 4158 1285 4210 1.
1303 4188 1336 4196 -

220 4231 377 4298 CapXCV.
414 4227 439 4294 1)
458 4227 528 4283 ἔνιοι
546 4232 577 4282 V.
595 4259 630 4266 -
650 4228 674 4290 2)
694 4249 735 4288 τις
777 4227 802 4292 3)
825 4226 942 4282 ἑκάστου
959 4232 989 4279 V.
1010 4257 1044 4266 -
1063 4228 1088 4292 4)
1108 4231 1152 4282 καὶ
1167 4227 1196 4286 ἐξ
1210 4229 1284 4280 Ηοιιι.
1302 4257 1335 4265 -

169 4299 221 4350 des.
239 4300 268 4349 in
282 4299 312 4350 V.
331 4327 364 4334 -
378 4294 404 4361 3)
424 4294 497 4351 οὕτω
513 4300 542 4350 0.
559 4325 593 4334 —
610 4295 636 4362 4)
655 4292 734 4350 ‹hmt-
778 4296 802 4360 5)
817 4297 908 4350 ἐλθεῖν
921 4299 950 4360 O,
969 4296 1015 4349 cst
1029 4297 1122 4350 &ideis
1138 4297 1169 4350 V·
1191 4324 1224 4333 -
1243 4292 1271 4364 6)
1285 4291 1335 4350 οὖν

171 4367 228 4428 ζειν
241 4367 270 4418 0.
1132 4429 1174 4471 12·
