3126 4894
566 329 721 380 armona
739 330 881 379 minna.
1245 315 1308 379 233

128 496 169 549 po
189 477 255 531 ulus
281 475 514 556 Cbriptianorum.
547 474 588 554 lit
608 475 711 556 missus
735 476 771 556 ab
796 493 830 530 eo
851 481 896 556 est
916 473 1086 530 Aufidianus
1106 493 1235 556 praeses,
1259 479 1308 547 qui

127 565 159 600 m
191 551 238 599 tos
252 543 431 598 Christianos
449 543 569 596 diversis
587 561 639 613 sup
661 544 736 598 liciis
756 549 908 598 interemit.
938 542 995 597 Sed
1010 560 1073 597 eum
1087 543 1197 598 vrderet
1209 562 1307 599 omnes

128 613 170 668 ad
181 611 349 732 martprium
364 629 427 664 cum
440 609 546 681 gaudio
558 627 626 664 acce
649 619 708 678 ere',
727 611 815 666 cessit
832 609 1009 664 multitudini
1025 611 1116 665 solum
1130 615 1227 665 tamen
1244 629 1307 666 san·

128 678 251 735 etumC
284 684 407 733 mentem
424 695 531 749 cogens
547 677 585 732 ad
597 678 822 733 sacrificandum.
856 678 895 731 Et
911 677 1012 731 videns
1029 677 1101 732 adeo
1123 678 1257 732 stabilem
1273 674 1308 733 in

127 747 268 813 Domino,
282 765 335 801 nec
345 746 459 800 omnino
471 761 556 815 posse
569 762 586 800 a
599 747 742 802 sententia
752 745 898 812 dimoveri,
909 745 982 799 dixit
991 745 1029 799 ad
1041 763 1121 799 suos:
1134 745 1307 801 Prehendite

128 833 196 870 eum
210 820 240 869 et
252 814 388 868 abducite
406 813 436 866 in
453 812 577 866 medium
593 831 682 880 marc,
705 820 734 868 et
747 815 836 885 ligate
851 813 888 866 ad
905 813 1010 866 collum
1026 813 1088 867 eius
1104 830 1236 868 ancoram
1253 813 1307 868 fer-

129 900 222 949 ream,
235 889 270 1002 αὖ
279 882 308 935 in
319 880 490 1001 prpiundum
500 879 660 949 deiiciatur,
672 899 708 936 ne
722 881 833 953 possint
843 879 999 934 Christiani
1009 897 1110 952 corpus
1124 883 1185 936 eius
1197 880 1307 936 auferre

132 957 166 1004 et
196 968 229 1003 ro
274 966 307 1003 eo
320 967 353 1002 co
368 965 422 1002 ere.

176 969 390 1070 pCLXXXIV.
424 1015 488 1069 Hoc
505 1014 594 1086 igitur
618 1017 736 1082 peracto
749 1014 891 1069 universa
912 1014 1137 1070 Christianorum
1153 1015 1308 1071 multitudo

129 1085 170 1139 ad
191 1086 276 1138 littus
297 1085 415 1138 adstans
437 1081 655 1137 lamentabatur.
690 1078 786 1150 Atque
807 1081 932 1137 adhaec
955 1083 1087 1137 dixerunt
1108 1081 1257 1137 Cornelius
1278 1089 1308 1138 et

130 1152 268 1206 Phoebus
294 1152 356 1205 eius
383 1149 531 1220 discipuli:
562 1147 667 1203 Omnes
687 1148 815 1203 unanimi
836 1168 977 1205 consensu
1000 1167 1146 1222 precemur
1168 1155 1201 1204 ut
1224 1151 1308 1205 nobis

129 1219 276 1274 Dominus
293 1221 427 1273 ostendat
444 1217 577 1288 martyris
596 1215 640 1270 sui
656 1215 800 1286 reliquias.
837 1216 942 1272 Oronte
959 1217 1048 1289 igitur
1064 1217 1169 1288 populo
1185 1219 1307 1272 recessit

128 1304 210 1341 mare
223 1286 254 1340 in
267 1285 360 1340 sinum
372 1303 452 1339 suum
465 1284 502 1338 ad
513 1284 569 1338 tria
580 1283 639 1338 fere
649 1283 749 1350 millia,
763 1291 793 1338 et
805 1285 926 1357 ingressi
960 1303 990 1338 er
1001 1285 1108 1338 aridam
1120 1284 1218 1354 populi
1227 1301 1306 1365 repe·

129 1360 232 1408 rerunt
252 1353 282 1407 in
299 1352 392 1425 figura
408 1352 509 1421 templi
524 1351 672 1406 marmorei
688 1357 818 1422 paratum
830 1371 848 1406 a
864 1353 928 1407 Deo
939 1305 1141 1406 babitaculum
1158 1357 1245 1421 atque
1266 1351 1307 1405 ibi

154 1423 260 1476 ositum
279 1438 380 1491 corpus
402 1420 494 1474 sancti
512 1418 669 1473 Clementis
686 1427 715 1474 et
732 1437 877 1486 ancoram,
898 1437 962 1474 cum
982 1437 1038 1490 qua
1058 1419 1187 1473 deiectus
1204 1419 1306 1486 fuerat,

130 1441 214 1544 Xaud
245 1489 326 1542 rocul
339 1487 375 1542 ab
388 1504 421 1542 eo
434 1487 583 1542 iacentem.

202 1555 225 1609 C
253 1555 375 1610 XXXV.
411 1553 580 1608 Revelatum
593 1571 661 1625 ergo
673 1553 729 1607 fuit
742 1553 891 1624 discipulis
902 1556 972 1621 cius,
985 1570 1021 1607 ne
1033 1552 1170 1623 reliquias
1180 1554 1231 1608 illo
1243 1554 1307 1608 loco

130 1624 284 1690 tollerent,
304 1623 407 1694 quibus
419 1627 449 1676 et
460 1622 514 1676 hoc
528 1623 671 1676 oraculum
682 1621 824 1676 redditum
838 1627 896 1688 est,
912 1620 1017 1675 forent
1030 1621 1152 1693 singulis
1164 1621 1247 1675 annis
1260 1621 1307 1676 die

133 1691 302 1747 certaminis
314 1691 376 1745 eius
387 1706 564 1744 recessmum
577 1689 615 1742 sit
626 1706 702 1743 mare
714 1706 765 1759 per
774 1694 884 1760 septem
896 1689 958 1743 dies
968 1695 997 1744 et
1009 1688 1191 1744 venientibus
1201 1688 1307 1743 siccam

129 1758 339 1831 profectionem
362 1757 561 1828 praebiturum.
591 1756 673 1821 Quod
696 1757 810 1828 quidem
833 1757 955 1812 nominis
980 1757 1023 1811 sui
1046 1756 1160 1811 laudem
1183 1756 1307 1811 Domino

130 1827 247 1898 placuit
263 1825 325 1880 fieri
342 1841 432 1894 usque
450 1826 480 1878 in
495 1824 662 1879 hodiernum
675 1824 758 1878 diem.
793 1825 856 1880 Hoc
873 1831 969 1880 autem
982 1825 1058 1880 facto
1076 1841 1259 1895 omnesquae
1277 1823 1307 1877 in

132 1894 248 1949 ambitu
277 1899 343 1947 sunt
366 1898 469 1964 gentes
492 1892 673 1946 crediderunt
694 1891 816 1947 Christo.
855 1893 901 1948 Ibi
927 1894 1023 1948 nullus
1052 1892 1184 1964 gentilis,
1211 1891 1307 1946 nullus

130 1962 274 2028 Iudaeus,
296 1960 391 2014 nullus
415 1961 529 2015 omnino
553 1959 697 2013 invenitur
715 1959 886 2015 haereticus.
922 1962 994 2018 Nam
1014 1961 1076 2016 illic
1096 1960 1187 2014 multa
1207 1976 1307 2014 conce·

131 2030 241 2083 duntur
259 2026 415 2083 beneficia:
438 2028 517 2083 caeci
542 2027 739 2082 illuminantur
762 2029 793 2081 in
818 2027 896 2082 illius
917 2027 1008 2096 festo,
1034 2029 1185 2084 daemones
1212 2027 1307 2098 expel-

130 2099 241 2162 luntur,
259 2096 416 2151 febrientes
430 2102 578 2162 sanantur,
595 2095 710 2149 renibus
729 2101 758 2150 et
775 2095 886 2150 calculo
903 2095 1066 2151 laborantes
1080 2113 1131 2166 per
1144 2095 1235 2151 solum
1247 2112 1307 2149 cor·

129 2164 211 2236 poris
227 2164 318 2285 ipsius
336 2169 499 2218 contactum
516 2169 546 2217 et
561 2161 758 2218 sanctificatae
775 2181 792 2218 a
812 2180 866 2218 uae
887 2163 1094 2234 aspersionem,
1119 2180 1153 2217 ao
1174 2169 1273 2233 potum
1290 2179 1308 2217 a

129 2233 232 2286 morbo
256 2232 414 2298 iberantur,
431 2237 493 2284 tum
505 2231 553 2311 qui
565 2231 755 2300 qualicunque
767 2249 785 2286 a
819 2231 936 2304 iguntur
952 2233 1088 2304 languore
1100 2231 1138 2285 ad
1150 2231 1224 2285 sacri
1236 2249 1307 2285 mar-

129 2299 208 2371 tyris
232 2298 432 2370 confugientes
461 2298 598 2353 auxilium
623 2305 833 2369 consequuntur
858 2299 1006 2354 medelam.
1041 2298 1137 2368 Atque
1181 2302 1308 2353 ermanet

131 2367 228 2438 gloria
243 2368 304 2421 eius
318 2371 347 2420 et
363 2367 426 2421 laus
442 2366 472 2420 in
488 2361 656 2436 perpetuum
672 2382 724 2436 per
741 2366 884 2420 domiuum
902 2372 1029 2420 nostrum
1045 2367 1140 2420 Iesum
1176 2365 1306 2430 hristum,

130 2451 289 2506 perquem
311 2438 340 2488 et
361 2452 424 2489 cum
445 2450 500 2504 quo
523 2433 599 2504 patri
619 2432 712 2504 glorIa
732 2451 796 2488 cum
820 2433 1000 2488 sanctissimo
1024 2439 1053 2488 et
1077 2431 1192 2487 vivifico
1215 2431 1308 2502 ipsius

131 2501 240 2574 spiritu
251 2507 370 2556 nuncet
383 2519 494 2573 semper
506 2507 536 2555 et
547 2501 577 2555 in
590 2500 687 2556 secula
700 2501 866 2555 seculorum.
901 2499 1001 2556 Amen

182 2741 241 2808 Cap.
266 2742 433 2792 CLXXXIII.
482 2737 508 2806 1)
542 2742 583 2792 lta
617 2741 693 2804 vulg,
736 2739 762 2803 2)
782 2741 854 2791 1110
880 2740 1013 2805 doxologia
1035 2741 1160 2806 sequitur:
1184 2735 1262 2806 αὐτῷ
1286 2734 1302 2804 ἡ

131 2805 320 2877 Λῦφηδιανὸς
347 2826 394 2858 scr.
426 2811 480 2860 OV.
512 2837 547 2845 —
587 2805 613 2870 2)
644 2807 695 2875 δή·
739 2804 806 2866 δόξα
827 2811 866 2868 εἰς
892 2803 958 2868 τοὺς
981 2807 1083 2867 αἰῶνας
1103 2802 1302 2867 rainaldum,

134 2891 236 2935 σαντες
269 2878 303 2939 0,
333 2877 377 2941 qui
405 2894 453 2926 om.
484 2879 529 2928 καὶ
566 2881 623 2926 ante
653 2877 696 2949 ῥί-
741 2873 822 2946 ἀμήν.
853 2878 923 2934 Quae
944 2893 999 2928 eam
1018 2877 1154 2942 excipiunt,
1174 2874 1203 2925 in
1221 2873 1309 2926 eodem

137 2954 220 3010 uara.
743 2946 803 2998 Cod.
817 2945 987 2998 Ottoboniano
998 2961 1049 2995 non
1060 2945 1187 3008 leguntur.

181 3013 241 3078 Cap.
260 3012 411 3064 CLXXXV.
449 3006 602 3078 111κβάλαι
623 3012 652 3062 V.
667 3039 700 3047 -
