3126 4894
559 322 716 372 armeus
734 321 846 370 11100.
1251 305 1293 370 95

184 471 273 526 CXL.
304 470 386 524 Haec
404 486 467 526 cum
483 475 566 539 pater
580 468 695 539 publice
713 469 795 540 qnasi
812 485 846 522 ex
861 485 982 539 persona
998 467 1120 522 Simonis
1134 468 1253 524 dixisset
1265 477 1294 524 et

117 542 232 594 Petrum
241 539 400 604 laudasset,
414 537 575 590 universam
584 535 822 592 Antiochensium
832 536 978 591 civitatem
987 535 1024 590 ad
1034 535 1112 590 illius
1123 537 1294 592 desiderium

118 608 255 672 traduxit,
270 605 424 674 cunctique
438 622 468 658 se
482 622 545 658 eum
557 605 739 660 vehementer
751 612 885 678 exoptare
895 604 1074 672 asscrebant,
1086 605 1215 658 nonnulli
1228 622 1294 659 vero

118 679 204 731 etiam
216 675 304 746 patri,
318 679 454 743 tanquam
463 673 488 726 is
501 673 562 742 ipse
572 679 649 728 esset
660 674 765 740 Simon,
779 673 987 728 succensebant
995 673 1294 742 proptcrnimietatem

116 744 219 798 amoris
233 760 304 814 erga
315 741 442 807 Petrum,
456 746 485 794 01
497 757 596 795 manus
609 741 727 796 iniicere
741 742 925 797 conabantur.
960 740 999 794 At
1012 741 1063 794 1110
1075 741 1196 806 veritus,
1209 758 1245 794 ue
1258 741 1294 794 ab

118 813 186 883 ipsis
204 809 431 875 interficeretur,
452 826 503 878 per
522 810 648 880 legatum
665 810 823 879 postulavit
838 811 966 875 aPetro,
985 808 1119 864 continuo
1131 815 1163 862 ut
1175 809 1294 875 reniret,

118 898 171 950 quo
185 897 217 934 se
230 877 448 932 nancisceretur
459 877 564 944 vivum,
578 883 607 930 01
619 879 649 930 in
661 877 759 931 urbem
773 877 914 932 desiderio
927 877 1006 932 illius
1018 877 1056 932 fla
1091 885 1185 930 antem
1195 893 1294 946 oppor-

117 955 184 1001 tune
198 947 379 1002 adventaret.
415 943 525 1007 Quibus
538 945 645 998 auditis
657 945 759 998 Petrus
772 946 907 1016 plurimos
921 945 957 999 ad
969 962 1043 1017 agen
1065 962 1112 997 um
1124 949 1295 999 conventum

118 1015 239 1070 adduxit
252 1019 283 1067 01
301 1013 467 1084 episcopum
483 1013 647 1080 constituit,
667 1013 772 1067 multos
789 1014 899 1068 curavit
910 1019 995 1083 atque
1008 1012 1175 1083 baptizavit,
1189 1013 1295 1066 triduo-

117 1101 169 1204 qqe
183 1082 515 1204 Lpodiceaetpraeterea
532 1087 721 1136 commoratus
739 1080 921 1136 Antiochiam
941 1082 1127 1152 propinquam
1148 1081 1296 1136 civitatem

120 1151 196 1205 aire
224 1148 372 1204 estinavi.

185 1233 292 1288 CXLI.
320 1233 359 1287 Et
372 1232 486 1302 quidem
499 1249 563 1286 cum
576 1233 613 1288 ad
629 1234 725 1288 urbem
742 1233 933 1306 pervenisset,
950 1234 1098 1288 universus
1114 1233 1236 1304 populus
1250 1250 1296 1287 ac·

118 1321 234 1358 currens
249 1320 314 1356 cum
326 1300 432 1382 gaudio
446 1300 538 1370 ipsum
557 1302 669 1370 excepit
685 1307 820 1372 tanquam
836 1301 967 1356 veritatis
984 1317 1153 1371 praeconem
1171 1307 1200 1355 01
1221 1298 1296 1370 Apo-

119 1373 230 1426 stolum.
255 1370 394 1424 Precibus
407 1373 503 1422 autem
515 1368 588 1421 fusis
601 1375 630 1422 et
642 1370 772 1423 manibus
786 1387 870 1440 super
882 1387 930 1424 eos
943 1369 1055 1440 positis,
1068 1368 1209 1422 universis
1222 1368 1295 1422 male

118 1438 294 1494 habentibus
307 1437 406 1492 attulit
420 1436 603 1503 medicinam,
617 1436 686 1490 item
699 1455 784 1491 unum
796 1438 890 1492 Deum
902 1437 932 1489 in
943 1436 1035 1490 tribus
1046 1435 1176 1506 personis
1189 1453 1296 1490 annun·

119 1507 221 1573 ciavit,
239 1507 427 1576 pluribusque
446 1521 495 1558 eos
513 1503 548 1557 de
566 1503 650 1558 unius
669 1506 793 1558 numinis
811 1505 974 1576 principatu
991 1504 1096 1558 docuit.
1131 1503 1245 1558 Deinde
1259 1504 1296 1558 ad

119 1575 279 1645 hospitium
291 1592 343 1628 nos
354 1575 522 1642 recepimus.
540 1572 712 1644 Intelligens
721 1579 816 1628 autem
830 1590 916 1627 senex
924 1573 1040 1626 Petrum
1052 1571 1154 1625 adesse
1164 1572 1296 1636 accurrit,

118 1640 634 1764 ttqll.l{l⁰t.⁰..⁵.t¹.¹.ittt.litt
648 1640 1182 1763 lllltttmtltttlttilstltrd
1197 1639 1297 1760 llll

119 1731 192 1832 main
205 1777 333 1847 eorporis
344 1725 734 1896 100100101Εοοτ’1)10101101101111
736 1816 742 1844 ,
756 1776 893 1848 fieretque
906 1728 1049 1857 parpticeps
1063 1775 1293 1830 intemeratorum

120 1845 227 1900 Christi
240 1845 447 1916 mysteriorum.
509 1842 634 1897 tPetrus
646 1845 754 1900 tradita
768 1846 797 1914 ei
814 1846 986 1899 christianae
1000 1844 1150 1916 religionis
1164 1843 1294 1897 doctrina

120 1914 277 1982 multisque
292 1913 327 1966 de
341 1913 434 1966 salute
445 1911 565 1982 prolatis
577 1912 694 1966 tandem
707 1913 760 1967 hoc
773 1913 887 1980 addito,
906 1913 1049 1967 dominum
1062 1919 1189 1966 nostrum
1200 1911 1295 1965 Iesum

121 1981 269 2035 Christum
286 1978 377 2033 filium
389 1979 447 2033 Dei
464 1980 493 2034 in
507 1979 648 2033 mandatis
662 1981 699 2034 ad
716 1981 872 2052 discipulos
892 1981 1013 2035 dixisse:
1036 1982 1090 2046 Qui
1107 1980 1256 2034 crediderit
1273 1987 1297 2032 et

121 2049 383 2120 baptizatusfuerr't,
396 2049 491 2102 calcos
503 2049 555 2102 erit
567 2052 596 2102 et
607 2051 754 2103 secondom
760 2053 847 2119 fidem
860 2058 935 2103 tuom
945 2051 1002 2119 flet
1014 2050 1064 2103 tibi
1075 2051 1145 2102 sicut
1155 2048 1210 2115 cis,
1227 2052 1296 2100 tem·

122 2134 188 2187 pore
202 2117 266 2170 iam¹
274 2115 312 2170 ad
324 2131 471 2186 vesperam
484 2114 651 2194 inclinante,
665 2115 758 2170 cibum
769 2117 947 2189 sumpsimus,
962 2121 1065 2187 etpost
1075 2116 1189 2171 solitam
1201 2133 1299 2186 preca·

122 2187 232 2239 tionem
247 2200 362 2237 somnus
375 2201 426 2237 nos
439 2189 599 2252 occupavrt.

189 2267 311 2323 CXLII.
339 2268 475 2336 Sequenti
492 2284 557 2321 vero
571 2268 617 2322 die
629 2269 731 2323 Petrus
744 2270 846 2324 iterum
864 2271 1001 2325 maturius
1015 2287 1134 2340 surgens
1146 2275 1298 2338 postquam

123 2338 225 2403 oravit,
239 2342 350 2406 patrem
360 2341 389 2389 et
398 2352 449 2389 nos
459 2335 611 2389 accersivit
624 2343 653 2390 et
662 2337 765 2404 Hodie,
778 2339 880 2408 inquit,
893 2339 1004 2404 fratres,
1017 2355 1150 2406 magnum
1163 2336 1299 2406 gaudium

125 2406 233 2460 orietur
253 2404 283 2456 in
302 2404 382 2458 caelo
403 2409 518 2474 propter
537 2403 663 2458 divinum
680 2423 780 2458 munus
798 2406 995 2460 renascentiae
1011 2405 1080 2460 boni
1096 2403 1172 2457 senis
1189 2402 1298 2456 Fausti.

123 2473 252 2542 Cumque
264 2488 317 2524 nos
333 2471 549 2542 assumpsisset,
572 2473 681 2544 egressi
697 2491 792 2525 sumus
811 2473 848 2526 ad
859 2475 924 2528 loca
939 2472 1090 2526 orientalia
1101 2471 1238 2535 civitatis,
1250 2469 1300 2522 ubi

125 2542 232 2594 multae
248 2545 329 2593 erant
341 2555 431 2608 aquae
443 2557 476 2593 ac
489 2555 585 2618 purae,
599 2541 746 2609 solumque
758 2545 867 2608 patrem
880 2557 1005 2594 seorsum
1017 2555 1130 2592 sumens
1146 2537 1300 2606 multisque

125 2609 283 2662 instituens
300 2607 473 2676 tradensque
491 2606 535 2659 rlli
553 2607 710 2662 doctrinam
728 2607 763 2661 de
776 2607 840 2662 Deo
853 2608 970 2677 eiusque
989 2607 1018 2660 in
1036 2621 1120 2660 carne
1138 2605 1175 2658 ad
1187 2621 1239 2658 nos
1251 2605 1299 2658 ad-

123 2683 212 2732 ventu
228 2674 391 2746 baptizavit
407 2693 470 2728 eum
488 2676 517 2728 in
532 2676 646 2730 nomine
663 2676 753 2745 patris
771 2680 800 2728 01
815 2674 869 2730 filii
881 2682 911 2730 et
923 2675 1039 2746 spiritus
1052 2673 1159 2738 sanctu
1181 2689 1299 2752 cumque

123 2763 237 2816 panem,
250 2743 412 2814 accepisset
424 2743 532 2814 gratias
552 2744 661 2814 egisset
676 2761 709 2798 ac
726 2742 923 2798 benedixisset
936 2760 1016 2798 sacra
1028 2741 1083 2812 ipsi
1099 2739 1237 2811 mysteria
1249 2759 1298 2793 rm-

123 2813 251 2883 pertivit.
271 2811 310 2864 Et
323 2827 432 2864 eramus
445 2811 552 2881 pariter
565 2811 661 2865 cuncti
671 2811 701 2864 in
711 2811 835 2866 Domino
845 2817 932 2866 noctu
945 2829 978 2865 ac
990 2809 1113 2863 interdiu
1123 2808 1300 2862 exsultantes

124 2888 184 2934 tum
197 2880 234 2933 de
247 2879 337 2949 patris
350 2895 401 2948 per
414 2879 540 2932 divinum
554 2879 683 2950 spiritum
695 2879 854 2934 instaurata
864 2879 1025 2944 nativitate,
1038 2885 1098 2931 tum
1108 2877 1143 2932 de
1153 2876 1300 2931 auditione

124 2948 304 3002 oraculorum
316 2945 401 2999 Petri.
431 2945 501 2999 Cum
514 2946 603 3027 igitur
615 2963 665 3016 per
677 2947 794 3016 aliquod
807 2955 917 3019 tempus
929 2965 986 3001 una
998 2963 1156 3018 ageremus,
1170 2945 1300 2999 omnibus

144 3020 282 3070 atuerrmt
293 3031 338 3066 res
352 3018 476 3080 nostrae,
490 3020 519 3068 et
531 3033 561 3068 rn
570 3014 694 3068 omnium
704 3031 750 3069 ore
760 3016 950 3082 versabamur,
964 3014 1116 3084 cunctique
1126 3013 1301 3068 mirabantur

124 3034 160 3137 Ie
182 3081 325 3136 universis
347 3097 418 3150 quae
442 3082 621 3154 contigerant
641 3082 737 3150 nobis,
764 3082 878 3156 Deique
900 3101 968 3155 erga
988 3101 1040 3138 nos
1060 3082 1251 3152 patrocinium
1272 3082 1301 3134 in

124 3157 224 3204 nostra
235 3148 433 3220 recognitione
447 3149 638 3204 celebrabant.

196 3233 328 3287 CXLIII.
358 3233 448 3287 Fama
465 3233 555 3304 igitur
571 3251 781 3304 quoquoversus
803 3241 977 3307 pervagante
993 3233 1165 3287 Antiochiae
1186 3250 1301 3302 praeses

125 3308 233 3356 cuncta
250 3317 321 3370 quae
338 3301 414 3370 patri
431 3307 460 3355 ct
476 3302 560 3355 matri
576 3303 741 3357 acciderant
757 3303 931 3369 resciscens,
949 3301 1079 3371 quodque
1098 3300 1136 3354 ad
1153 3299 1302 3352 Caesarem

124 3369 299 3440 cognatione
312 3369 480 3436 attinerent,
501 3370 536 3423 de
552 3368 598 3422 his
613 3370 700 3424 refert
717 3370 754 3424 ad
771 3369 926 3423 Tiberium.
963 3367 1073 3432 Quibus
1090 3366 1197 3420 auditis
1210 3365 1300 3433 impe·

122 3444 204 3492 rator
214 3436 308 3502 iubet,
322 3453 370 3490 eos
383 3454 467 3508 quam
478 3437 597 3507 primum
608 3438 727 3493 Romam
738 3436 823 3490 mitti.
860 3436 942 3500 Quod
959 3441 988 3489 et
1003 3433 1112 3489 factum
1129 3437 1181 3486 est.
1216 3431 1299 3484 Illos-

125 3645 179 3706 BC,
200 3645 276 3694 Hom.
294 3645 354 3705 XX,
370 3641 412 3706 23,
433 3646 553 3694 nostraE
572 3645 600 3697 it.
620 3645 693 3696 0101.
738 3645 799 3695 Luc.
812 3641 853 3706 15,
866 3639 889 3696 7.
903 3641 942 3694 10.
955 3672 988 3679 -
1004 3639 1032 3711 3)
1047 3638 1081 3708 ἦν
1093 3660 1140 3696 om.
1153 3641 1219 3694 BCD
1234 3646 1259 3692 01
1270 3645 1301 3697 al.

125 3730 169 3779 ap.
183 3713 246 3774 Cot,
261 3707 425 3779 παραλαβὼν
436 3713 467 3762 D.
487 3739 522 3748 -
545 3662 571 3780 ih
591 3711 695 3764 ἔσπευ-
738 3729 777 3780 ap.
791 3713 854 3776 Cot,
873 3707 1049 3780 ὑπάρχουσιν
1067 3715 1122 3762 exh.
1134 3716 1221 3762 nostra
1232 3713 1302 3780 Epit.

126 3781 159 3830 dr
175 3783 204 3828 B.
737 3807 772 3816 ·-
783 3777 812 3848 4)
825 3778 992 3848 παραλαβὼν
1003 3782 1035 3830 D.
1045 3808 1079 3817 -
1090 3779 1108 3831 5
1128 3778 1190 3834 καθ’
1198 3775 1303 3910 qpqe‘oov

181 3847 242 3912 Cap.
260 3847 350 3901 CXLI.
381 3842 408 3913 1)
432 3843 601 3914 παραλαβών
624 3845 697 3920 ἡμᾶς
738 3849 769 3898 D.
789 3875 824 3884 ·-
845 3846 873 3916 6)
895 3848 943 3902 ἐπὶ
963 3849 995 3899 01.
1017 3865 1056 3915 ap.
1076 3849 1130 3899 Cot.
1150 3878 1184 3886 -
1255 3846 1303 3900 λό-

126 3917 158 3964 Β.
173 3941 205 3949 -
223 3911 249 3976 2)
266 3917 429 3983 μυστηρίων
443 3915 499 3967 τῶν
515 3915 566 3966 τοῦ
573 3915 697 3984 χριστοῦ
739 3932 798 3984 porr
808 3919 837 3964 B.

124 3983 179 4044 leg.
193 3981 222 4031 C.
233 4007 267 4016 -
283 3977 312 4047 3)
326 3984 414 4051 εἴρηκε
430 3981 520 4034 inserit
534 3983 562 4046 C,
579 3999 630 4047 seq.
643 3979 696 4052 ἔφη
793 3983 851 4049 Cap.
866 3983 980 4033 CXLIII.
1000 3979 1026 4050 1)
1041 4001 1133 4036 παντα
1153 3979 1219 4035 <iore
1230 3983 1260 4032 D.
1270 4009 1299 4018 -

125 4049 231 4100 omisso.
259 4049 694 4117 1100000ἔφη1101.,0(1110101001.
737 4045 765 4116 2)
779 4045 987 4116 συμβεβοηκότα
1004 4051 1032 4100 Β.
1055 4076 1087 4084 -
1109 4001 1189 4116 δξτῆ
1209 4049 1303 4098 excidit

124 4117 210 4166 Marc.
223 4112 263 4175 16,
277 4113 317 4165 16.
335 4113 455 4167 Mastutt
468 4112 544 4166 0115.
558 4144 590 4154 -
604 4113 631 4180 4)
643 4134 695 4188 με·
739 4117 793 4167 edd.
807 4119 860 4168 Cot.
874 4123 899 4166 et
911 4118 975 4168 Cler.
989 4144 1022 4152 —
1039 4111 1068 4183 4)
1081 4117 1162 4166 Aliter
1174 4105 1199 4165 N
1200 4116 1302 4181 icspho-

126 4178 343 4248 ταλαβόντεςΒ,
364 4184 629 4250 1001οΕ01101οΙ.
655 4200 695 4251 ap.
739 4201 781 4234 100
793 4186 862 4236 Η101.
874 4185 944 4236 Εο01.
956 4184 999 4233 lib.
1013 4180 1037 4233 2.
1050 4199 1104 4250 cap.
1116 4181 1158 4234 35.
1192 4185 1215 4232 A
1230 4184 1301 4234 cuius

126 4252 185 4300 Cot.
201 4278 235 4286 -
247 4245 276 4317 5)
291 4245 362 4318 ἡμᾶς
372 4251 448 4302 inser.
461 4250 493 4301 al.
509 4267 550 4318 ap.
563 4252 617 4301 Cot.
739 4250 862 4302 sententia
875 4251 981 4302 discedit
995 4251 1129 4301 Freculfus
1147 4246 1243 4301 10012.
1256 4252 1301 4302 lib.

200 4318 260 4384 Cap.
278 4318 380 4368 CXLII.
411 4313 438 4384 1)
458 4314 603 4389 ὀρθριαίτε
623 4335 656 4370 ον
667 4319 695 4381 C,
738 4315 762 4368 2.
784 4335 837 4385 cap.
852 4315 891 4367 10.
925 4319 974 4370 Est
989 4323 1072 4368 autem
1089 4318 1227 4384 Nicephori
1246 4335 1302 4368 scn-

127 4379 329 4453 ὄρθριαίτερον
348 4401 424 4452 supra
441 4403 462 4436 ω
480 4387 511 4436 D.
536 4412 569 4422 -
593 4337 621 4455 25
644 4386 695 4438 Cir.
738 4387 830 4448 tentia,
848 4387 909 4436 haec
921 4386 967 4436 snb
980 4388 1079 4437 Nerone
1091 4385 1234 4450 contigisse.
1248 4389 1300 4436 Oct.
1380 4409 1385 4418 ·
