3114 4896
253 328 309 370 vlu
708 324 977 375 PROLEGOMENA.

252 471 503 542 incomparabilem
526 486 596 542 erga
616 487 661 526 me
685 471 814 552 aliosque
837 470 1063 526 benivolentiam
1079 470 1126 541 pie
1148 470 1283 525 colendus
1305 470 1426 526 schedas

253 557 319 594 suas
335 555 428 592 meum
444 539 474 592 in
490 556 572 592 usum
589 539 685 593 excuti
703 539 805 602 voluit,
824 556 878 608 quo
897 556 987 619 penus
1005 538 1122 592 criticus
1139 538 1177 592 ad
1193 537 1303 592 huncce
1322 539 1425 592 librum

251 605 445 661 adornandum
458 607 617 676 aperiretur
629 623 713 677 qnam
724 607 975 676 locupletissimus.
1006 606 1129 678 Egomet
1142 606 1212 660 duos
1224 607 1334 660 contuli
1347 607 1424 662 codi-

252 691 314 739 ces,
333 691 419 727 unum
441 672 718 729 Ottcboniannm
737 673 789 728 443
811 674 900 746 (sign.
920 672 967 739 O),
997 673 1206 730 Vaticanum
1229 673 1281 726 824
1302 675 1424 728 alterum

251 741 335 814 (sign.
348 741 394 806 V).
429 741 518 796 Liber
531 741 740 796 Ottcbonianus
753 741 803 795 ille
814 741 959 811 pretiosus
972 748 1032 808 est,
1050 741 1099 811 qui
1112 741 1189 794 solus
1201 741 1342 796 Homilias
1353 742 1425 796 inte·

286 827 318 864 as
340 809 474 879 praebet:
499 809 535 862 iis
553 816 649 864 autem
669 810 791 880 expletis
809 808 965 873 „Eiusdem
984 808 1141 863 Clementis
1159 808 1425 880 Peregrinationum

250 827 401 947 {iiiicmc‘
420 876 485 930 inde
497 894 515 931 a
526 876 575 931 iol.
590 878 636 930 161
651 877 782 946 sequitur
795 877 894 931 cadem
906 895 991 932 manu
1010 893 1083 931 saec.
1095 876 1167 932 XIV
1186 885 1309 931 exarata.
1346 878 1425 941 Quae

213 999 218 1008 ,
251 945 287 998 de
305 945 366 999 eius
385 944 481 998 indole
498 944 528 997 in
547 961 610 998 mea
630 944 820 998 Homiliarum
840 944 984 998 editione¹
1003 945 1139 1006 disserui,
1161 951 1191 1000 et
1212 945 1248 998 de
1266 945 1426 1016 Epitomel

251 1012 331 1066 diota
343 1021 434 1066 sunto.
469 1011 559 1065 Liber
571 1011 729 1066 Vaticanus
741 1012 939 1066 membraneus
952 1011 1086 1066 foliorum
1103 1013 1348 1083 quaternariorum
1360 1013 1425 1067 mai.

251 1095 325 1134 saec.
338 1079 381 1132 XI
395 1079 518 1149 scriptus
530 1079 593 1132 fuit.
629 1081 725 1150 Ipsum
738 1085 833 1134 autem
846 1081 978 1134 volumen
993 1098 1056 1134 cum
1073 1081 1241 1144 invenirem,
1260 1097 1295 1134 ex
1312 1081 1424 1136 diutino

250 1147 309 1201 situ
324 1147 498 1232 squallebat,
518 1152 548 1202 et
564 1147 667 1202 habitu
681 1166 713 1202 as
735 1155 855 1216 actuque
871 1153 945 1202 tetro
958 1153 1027 1202 eret.
1061 1148 1178 1202 Initium
1190 1165 1279 1218 usque
1293 1149 1331 1202 ad
1344 1165 1424 1204 voce.

251 1215 295 1271 ὅτι
307 1216 447 1278 ἀθανατος
465 1214 471 1232 “
490 1216 573 1285 ψυχὴ,
586 1219 655 1270 ποτὲ
670 1219 699 1270 di
715 1237 757 1272 ou
772 1214 869 1284 θνητή.
884 1215 1005 1272 ὁπότεό.
1017 1218 1034 1269 3
1045 1221 1203 1286 temporum
1214 1215 1422 1286 irminperht,

248 1291 436 1404 §bupproptp'r
448 1237 478 1336 id
490 1300 524 1404 {x
535 1282 731 1404 lOttcbonipno
743 1283 920 1404 tpanscripsi.
931 1283 1062 1404 dudil·⁰⁸
1076 1284 1221 1404 eadenpiac
1237 1284 1424 1406 codipistVat.

284 1387 293 1403 .
338 1368 473 1414 arnaae,
517 1369 533 1405 o
567 1369 659 1414 carr,
715 1369 825 1405 nane,
857 1367 1063 1405 .conrnen1s.
1103 1369 1162 1405 nra
1193 1369 1294 1406 novam
1331 1369 1424 1406 arum

250 1416 325 1488 App.
338 1419 494 1473 editionem
507 1370 714 1473 coificiindangr
726 1419 789 1472 usui
803 1369 891 1471 fiiis.
926 1416 970 1472 Ac
989 1419 1054 1472 libri
1096 1419 1203 1474 aticanl
1217 1420 1268 1472 859
1279 1421 1424 1474 mentione

250 1485 342 1553 facta,
362 1487 483 1542 notitiae
502 1487 559 1541 iam
577 1487 661 1540 datae
679 1487 798 1541 alteram
815 1486 988 1553 addiderim,
1007 1504 1080 1556 quae
1093 1485 1244 1541 Armeniae
1258 1487 1424 1541 literaturae

250 1553 378 1610 interest.
422 1554 539 1608 Nierses
557 1555 607 1608 ille
631 1553 830 1625 Ghelajensis,
849 1554 904 1675 [pai
925 1571 989 1608 eum
1008 1555 1077 1608 olim
1094 1555 1276 1626 possidebat,
1296 1555 1326 1608 in
1343 1556 1424 1610 calce

252 1622 392 1692 epistolae
405 1622 556 1678 Barnabae
569 1621 677 1676 hancce
690 1623 818 1677 notulam
830 1639 847 1676 a
869 1621 1000 1693 scripsit:

557 1791 613 1872 hv
631 1781 870 1871 lustr-ldie
894 1781 1138 1871 [snppnntspp

555 1885 728 1973 altrea&
743 1890 853 1976 servi
873 1887 936 1975 <¹u
953 1915 1018 1974 ru*

554 2013 629 2074 llum.
643 1989 664 2076 li
680 1985 936 2112 ΗἹΙΙΨΙΙΜΙΙΙΙΙΦΙΞΙ
950 2086 977 2111 ¹-

554 2092 757 2176 *ltwnwevl
774 2093 854 2175 tre
868 2092 989 2178 “risso
1007 2090 1095 2178 ileu

555 2190 614 2276 apr}
632 2189 809 2278 wrfflblnuL
814 2194 928 2280 ‘partlm

553 2290 654 2369 ΙτωῚιιι,
679 2291 781 2367 ruffin

247 2437 265 2489 i.
284 2453 308 2492 e.
325 2436 406 2508 „Ego
419 2435 535 2490 NIerses
548 2434 715 2490 Patriarcha
726 2434 800 2490 hanc
818 2436 970 2508 epistolam
988 2437 1193 2505 interpretatus
1213 2452 1274 2488 sum
1295 2453 1422 2489 sermone

246 2503 380 2559 Armenio
393 2505 422 2557 in
434 2505 487 2559 hac
499 2503 593 2576 hegla
605 2503 723 2558 civitate
736 2504 773 2558 ad
788 2505 909 2626 ploriam
919 2503 1026 2558 Christi
1040 2503 1097 2558 Dei
1111 2503 1216 2570 nostri,
1235 2503 1287 2623 pai
1305 2503 1422 2557 benedi·

247 2579 311 2626 ctus
323 2579 368 2626 est
380 2572 411 2626 in
422 2579 584 2626 aeternum:
603 2571 645 2626 sic
661 2577 750 2626 est0“.
803 2578 848 2626 sta
866 2573 959 2628 versio
976 2571 1084 2626 alicubi
1101 2572 1190 2624 latere
1203 2571 1232 2624 vi
1254 2577 1318 2625 etur
1329 2570 1422 2625 adhuc

246 2641 447 2710 manuscripta,
460 2645 509 2694 aut
521 2657 635 2709 prorsus
647 2640 741 2709 periit.
763 2641 852 2694 Docti
865 2658 935 2710 quos
949 2642 1055 2694 Romae
1069 2638 1280 2709 interrogabam
1293 2639 1421 2692 Armenii

246 2725 309 2762 eam
321 2708 499 2779 ignorabant.
530 2706 574 2762 Ac
587 2707 681 2761 sliam
694 2709 730 2761 ab
743 2725 777 2762 eo
789 2709 937 2777 Epitomes
949 2713 1040 2770 textu,
1055 2723 1138 2775 quem
1151 2705 1302 2762 Turnebus
1314 2707 1422 2776 primus

246 2776 348 2834 edidit.
361 2774 490 2829 nonnihil
504 2774 625 2828 subsidii
640 2775 763 2843 petitum
781 2781 826 2829 est
838 2775 875 2829 ad
886 2774 1093 2828 restituendum
1104 2773 1291 2828 Homiliarum
1301 2780 1421 2837 textum,

245 2843 336 2897 multo
353 2843 418 2913 plns
436 2841 565 2912 profecto
584 2842 783 2896 enucleabitnr
799 2859 834 2896 ex
851 2860 886 2896 ea
898 2843 1095 2912 supellectile,
1132 2859 1196 2895 uam
1211 2841 1422 2896 Tischendorfii

246 2911 313 2965 libri
327 2910 427 2980 scripti
440 2925 580 2980 quamque
594 2909 676 2965 codd.
690 2907 901 2964 Ottcbonianus
915 2917 944 2964 et
957 2910 1116 2966 Vaticanus
1159 2910 1264 2963 omiliis
1283 2910 1423 2979 persimil-

247 2979 308 3031 limi
319 2996 395 3032 nunc
407 2978 450 3030 lar
472 2977 506 3030 iti
519 2983 593 3031 srrnt.
611 2976 752 3046 Equidem
765 2995 857 3032 meam
868 2978 1058 3032 Homiliarum
1070 2978 1228 3032 editionem
1241 2976 1422 3058 supellectile

246 3063 281 3101 ex
297 3045 377 3100 hisce
396 2995 505 3098 dusius
524 3045 604 3099 codd.
642 3047 747 3101 ctenda
763 3063 820 3100 non
838 3046 945 3113 dotavi,
963 3046 1091 3116 quamvis
1109 3045 1139 3098 id
1155 3053 1214 3098 tem
1236 3063 1291 3098 oris
1304 3045 1361 3098 iam
1374 3045 1424 3099 diu

246 3131 264 3168 a
284 3113 324 3166 ud
336 3130 380 3167 me
394 3113 538 3168 iacuisset.
558 3115 583 3168 N
586 3063 640 3166 ihii
651 3129 705 3182 ego
719 3114 834 3184 quidem
846 3113 972 3184 peccavi,
991 3113 1106 3167 Etenim
1120 3113 1198 3167 docti
1212 3063 1422 3183 gottingenses

294 3181 437 3235 miliarum
449 3180 533 3234 amici
546 3186 629 3235 tanta
641 3182 761 3236 editioni
773 3199 853 3236 meae
867 3181 996 3236 subsidia
1009 3181 1110 3236 critica
1121 3186 1207 3251 atque
1218 3181 1424 3235 commentaria

244 3392 279 3438 lst
292 3405 356 3451 ganz
368 3405 418 3437 von
431 3392 475 3438 der
486 3391 546 3448 Art,
567 3393 626 3438 dass
643 3391 690 3438 wir
709 3392 764 3439 hier
777 3390 837 3450 jene
855 3394 906 3439 alte
924 3392 1071 3439 christliche
1084 3391 1223 3438 Recension
1237 3391 1282 3438 der
1293 3391 1424 3436 Homillen

244 3461 361 3506 mdohtcn
372 3460 466 3506 wieder
478 3475 508 3505 zu
525 3462 651 3507 erkcnnen
663 3459 759 3517 haben,
777 3462 873 3508 welche
885 3461 1036 3519 neusrdings
1056 3461 1198 3516 mehrsaoh,
1218 3459 1355 3504 besonders
1372 3473 1423 3503 von

244 3529 372 3584 Uhlborn,
391 3527 545 3586 besprochen
563 3529 664 3574 worden
681 3529 721 3574 ist.
758 3529 815 3575 Und
832 3530 879 3574 wie
898 3529 924 3573 in
943 3529 1026 3574 dieser
1043 3528 1182 3573 Miinchner
1195 3527 1374 3581 Handschrift,
1394 3541 1423 3571 so

243 3596 345 3641 mdchte
358 3593 473 3641 dleselbc
485 3595 624 3640 Recension
636 3597 700 3641 auch
713 3595 738 3640 ln
752 3597 799 3642 den
811 3597 903 3642 beiden
918 3595 1118 3641 Handschrilten
1130 3595 1269 3652 vorliegen,
1283 3609 1333 3638 ron
1343 3595 1424 3639 denen

244 3663 286 3709 Ich
304 3663 330 3707 ln
348 3663 397 3708 den
414 3662 508 3710 Anerd.
523 3677 579 3708 saer
601 3667 624 3708 et
637 3663 699 3721 proi.
719 3663 742 3711 S.
757 3665 786 3709 77
800 3666 826 3710 ff.
844 3663 1015 3710 ausfdbrliche
1034 3663 1158 3720 Excerpte
1177 3663 1331 3720 mitgetheilt
1347 3661 1414 3707 habe

244 3731 274 3776 In
284 3731 333 3776 den
342 3744 383 3775 am
392 3730 558 3788 angefubrten
568 3730 629 3776 Orte
641 3731 663 3778 S,
675 3732 772 3778 78-81
783 3731 942 3790 vollstdndig
951 3730 1137 3789 mitgetheilten
1147 3730 1314 3776 Abschnitten
1324 3721 1422 3776 stimmt

245 3799 289 3844 der
307 3798 444 3843 Miinchner
460 3799 523 3843 Text
541 3799 736 3856 grdsstcntbeils
753 3801 800 3846 mit
817 3801 874 3846 dem
893 3800 950 3844 dort
967 3798 1112 3857 gegebcnen
1124 3797 1202 3844 Texta
1214 3797 1332 3854 iiberein3
1352 3797 1422 3843 seine

244 3865 368 3912 kritischo
381 3865 550 3924 Wicbtigkeit
568 3881 611 3911 zur
623 3867 806 3927 BerichIIgung
824 3869 869 3914 des
885 3866 1096 3913 Homilleutsxtes
1115 3866 1148 3911 ist
1168 3867 1246 3912 daher
1265 3865 1423 3910 unverkenn·

244 3935 298 3982 bar.
318 3958 351 3966 -
371 3933 417 3978 Bel
436 3933 492 3980 dem
510 3934 593 3979 hohen
612 3935 749 3991 Interesse,
770 3936 816 3982 das
833 3935 859 3980 in
875 3949 978 3980 neuerer
990 3935 1046 3980 Zeit
1063 3934 1104 3980 die
1117 3933 1424 3980 PseudoclementinIsche

245 4003 375 4047 Literatur
389 4001 433 4046 des
447 4002 469 4049 2.
482 4002 533 4047 chr,
547 4002 732 4048 Jahrhunderts
746 4004 871 4060 gesunden
882 4003 940 4060 hat,
954 4005 1022 4049 wltre
1032 4001 1206 4059 esjedcnfalls
1216 4002 1274 4047 sehr
1283 4001 1424 4046 verdienst·

245 4071 310 4126 lich,
327 4069 414 4115 wollte
430 4083 490 4114 man
508 4083 571 4115 neue
588 4070 639 4114 und
657 4071 805 4128 grilndliche
823 4071 927 4117 Studien
945 4070 1008 4116 auch
1021 4068 1172 4128 denjenigcn
1183 4070 1293 4115 Hdscbr.
1305 4068 1423 4125 widmen,

244 4139 270 4183 in
283 4139 364 4184 denen
376 4137 428 4182 alte
440 4136 659 4195 Verarbeitungen
672 4138 717 4183 der
729 4143 898 4197 scgenannten
911 4138 1041 4183 Homillen
1056 4138 1100 4183 des
1114 4137 1229 4183 Clemens
1242 4137 1424 4194 vorliegen.-

314 4202 324 4232 ¹
342 4203 479 4251 Clementis
497 4205 604 4250 Romani
623 4219 687 4262 quae
706 4205 818 4251 teruntur
836 4205 967 4251 Homiliae
986 4205 1078 4263 viginti
1091 4215 1155 4251 nunc
1174 4205 1281 4263 prImum
1300 4205 1423 4262 integrae,

247 4272 385 4331 Gottingae
400 4273 464 4319 1853
482 4287 505 4331 p.
518 4273 566 4318 VII
611 4269 737 4319 ²Patrum
755 4273 958 4333 Apostolicorum
976 4286 1052 4331 opera
1071 4273 1127 4318 edd.
1141 4273 1245 4318 Dressel
1263 4277 1287 4318 et
1305 4271 1424 4320 Tischsu·

245 4342 310 4398 dorf,
322 4339 426 4398 Lipsiae
442 4340 503 4388 1857
518 4354 542 4400 p.
555 4340 646 4388 LXVI.
