3126 4894
560 307 716 360 nriroun
734 307 877 360 munus.
1243 293 1300 358 191

121 459 230 512 Petrus
238 472 389 530 regressus
400 470 469 510 acce
491 455 515 508 it
523 470 634 526 panem,
647 453 755 526 gratias
765 453 836 526 egit,
848 453 1005 523 benedixit,
1016 455 1203 524 consecrarit,
1216 455 1304 528 fregit

120 533 154 580 et
170 526 261 607 matri
282 525 404 596 primum
423 523 458 577 de
481 523 503 576 it
523 529 641 644 ³⁰.E⁰⁸t
658 539 719 577 eam
736 523 819 602 nobis
838 522 899 576 eius
915 521 993 578 filiis.
1027 521 1122 595 Atque
1140 524 1181 578 ita
1194 541 1257 578 eum
1270 541 1304 579 ea

120 595 314 659 comedrmus,
327 591 479 660 Deumque
492 589 571 645 laudi
593 607 626 644 us
638 596 783 660 prosecuti
796 607 899 644 sumus.

192 677 273 732 CXI.
311 675 386 730 Tum
404 675 507 730 deinde
524 674 627 729 Petrus
644 673 805 744 ingressum
822 674 957 754 populum
973 674 1075 728 videns
1099 692 1162 728 cum
1180 675 1304 731 sedisset

12 769 14 794 ι
118 762 235 815 nosque
256 743 391 798 iussisset
411 741 552 822 assidere²
573 743 715 796 enarravit
737 759 793 812 qua
812 748 922 796 ratione
942 742 1025 796 nobis
1045 749 1111 813 post
1131 743 1303 814 baptismum

118 812 293 884 praemissis
306 811 369 882 ipse
381 810 462 865 tarde
480 810 622 864 rediisset.
659 808 781 864 Causam
798 827 865 867 vero
876 809 951 865 hauc
964 810 1094 865 dicebat:
1114 811 1248 867 Simulat
1268 828 1303 866 ue

117 899 187 947 vos,
203 879 314 950 inquit,
329 878 520 946 discessistis,
538 894 625 932 senex
641 877 785 947 operarius
802 877 932 945 advenit,
952 879 1001 948 qui
1014 878 1123 933 curiose
1137 895 1167 934 se
1180 829 1303 934 oceudta-

117 954 221 1015 verat,
240 947 327 1000 nobis
342 946 422 1016 prius
440 945 607 1004 observatis.
621 945 708 1016 (sicut
726 945 788 1016 ipse
805 951 907 1016 postea
924 945 1018 1000 fassus
1040 946 1110 1026 est),
1131 951 1163 1000 ut
1183 947 1303 1014 videret,

119 1015 263 1086 quidnam
277 1013 400 1096 ingressi
411 1013 505 1067 locum
518 1013 664 1068 obtectum
677 1029 840 1084 ageremus,
857 1019 958 1084 postea
977 1015 1050 1068 clam
1063 1014 1133 1068 exiit
1146 1019 1175 1068 ct
1188 1021 1303 1070 secutus

119 1090 181 1150 est,
203 1090 293 1152 atque
311 1101 341 1136 un
360 1087 518 1151 opportuno
535 1082 599 1136 loeo
617 1079 788 1136 conveniens
807 1098 851 1134 me
863 1099 897 1136 ac
915 1082 1042 1136 salutans
1060 1082 1114 1136 ait:
1133 1081 1194 1136 Iam
1212 1083 1261 1136 diu
1273 1089 1303 1136 te

119 1169 249 1221 sequens
264 1155 293 1204 et
310 1149 419 1219 alloqui
440 1149 558 1220 cupiens
577 1148 709 1215 verebar,
725 1165 762 1202 ne
774 1147 844 1202 mihi
855 1155 990 1220 tanquam
1003 1151 1114 1204 curioso
1126 1149 1303 1217 irascereris3

12 1235 13 1246 ¹
119 1236 200 1273 nune
214 1224 313 1274 autem
345 1233 399 1272 uae
411 1216 481 1272 mihi
493 1217 626 1272 videntur
636 1233 712 1284 vera,
726 1215 751 1268 si
763 1216 807 1270 vis
838 1216 940 1272 refero.
962 1217 1001 1270 Et
1014 1235 1068 1288 ego
1079 1217 1227 1288 respondi:
1245 1217 1303 1272 Dic

119 1287 208 1341 nobis
221 1285 300 1356 quod
317 1291 340 1337 ti
363 1285 372 1338 i
384 1283 497 1338 videtur
510 1283 705 1352 essebonum,
719 1288 749 1338 et
761 1235 942 1338 laudabimus
955 1291 993 1352 te,
1008 1285 1077 1340 licet
1089 1301 1119 1338 re
1131 1302 1213 1350 vera,
1228 1285 1303 1364 quod

120 1353 247 1420 dixeris,
260 1353 366 1407 bonum
383 1369 440 1406 non
451 1351 552 1419 fuerit,
573 1351 705 1422 quoniam
717 1351 851 1422 prudenti
864 1351 985 1406 consilio
997 1351 1041 1419 id,
1058 1351 1133 1422 quod
1145 1351 1200 1405 tibi
1212 1369 1303 1405 ursum

121 1429 168 1476 est
179 1422 300 1488 bonum,
313 1419 438 1474 volueris
450 1419 588 1490 proloqui.

193 1503 288 1558 CXII.
324 1503 399 1557 Tum
412 1520 498 1558 senex
512 1503 554 1558 ita
567 1503 662 1572 coepit
679 1502 788 1558 dicere:
807 1504 841 1557 Iu
858 1503 929 1558 mari
940 1521 990 1558 vos
1004 1502 1109 1557 lavisse
1121 1502 1183 1556 vidi
1195 1508 1302 1573 etpost

120 1572 177 1628 hoe
190 1573 229 1626 ad
243 1577 386 1626 secretum
399 1571 553 1626 secessisse
567 1571 674 1624 locum:
689 1571 830 1625 accedens
843 1588 911 1642 ergo
923 1577 953 1625 et
965 1571 1118 1625 observans
1130 1570 1165 1624 de
1178 1572 1301 1638 occulto,

122 1641 193 1710 quid
205 1640 238 1693 in
251 1645 393 1694 secretum
404 1639 528 1720 ingressi
546 1638 687 1719 ageretis,
706 1657 769 1693 cum
782 1644 895 1693 orantes
908 1639 1108 1709 inspexissem,
1127 1638 1249 1692 secessi:
1271 1646 1301 1694 et

121 1726 173 1762 vos
185 1709 340 1761 miseratus
353 1708 476 1777 opperiri
491 1724 582 1776 coepi,
594 1723 741 1776 usquequo
754 1723 885 1778 egressos
899 1707 1059 1777 alloquerer
1067 1724 1101 1760 ac
1115 1706 1254 1774 docerem,
1264 1725 1300 1762 ne

122 1776 233 1830 erretis.
271 1774 346 1839 Quia
361 1791 453 1844 neque
465 1775 545 1828 Deus
558 1779 616 1840 est,
629 1790 720 1843 neque
733 1773 932 1842 Providentia,
946 1774 997 1828 sed
1010 1773 1118 1828 Genesi
1129 1773 1224 1828 omnia
1237 1775 1301 1828 sub·

123 1844 231 1908 iacent,
246 1843 322 1896 sicut
335 1859 350 1896 e
374 1859 390 1896 o
403 1859 437 1896 ex
454 1843 504 1908 iis,
518 1857 590 1912 quae
603 1841 672 1894 mihi
684 1841 866 1909 accederunt,
878 1842 1112 1897 manifestissime
1125 1842 1258 1912 comperi,
1271 1843 1301 1896 in

124 1911 282 1980 disciplina
300 1859 461 1965 matffieseos
479 1909 661 1980 iampridem
678 1908 833 1980 diligenter
850 1911 985 1970 eruditus.
1020 1909 1089 1964 Noli
1112 1927 1180 1992 ergo
1201 1927 1300 1965 errare.

124 1978 190 2034 Sive
212 1977 290 2032 euim
308 1995 384 2046 ores,
402 1979 462 2032 sive
474 1994 546 2043 non,
564 1993 636 2046 quae
651 1973 773 2030 Genesis
791 1983 841 2032 tua
858 1979 1001 2045 continet,
1017 1977 1089 2034 haee
1100 1978 1156 2031 tibi
1167 1977 1301 2032 accident

123 2046 297 2100 necessario.
332 2044 405 2100 Nam
419 2045 442 2098 si
455 2061 554 2115 preces
567 2049 685 2124 possent
698 2045 737 2098 ali
758 2045 808 2098 uid
821 2046 868 2100 vel
879 2046 985 2100 bonae
1007 2063 1063 2112 era,
1076 2046 1138 2117 ipse
1151 2046 1226 2100 inter
1237 2045 1300 2100 feli-

124 2114 216 2168 ciores
231 2129 332 2166 essem.
367 2112 411 2166 Ae
422 2130 507 2179 nunc,
520 2111 577 2165 nisr
589 2115 619 2166 te
632 2110 741 2182 decipit
774 2129 825 2167 aee
836 2065 1009 2184 pauperculi
1021 2130 1085 2168 mea
1097 2113 1301 2180 vestis,dictis

123 2181 196 2236 meis
220 2197 279 2234 non
298 2179 423 2234 diffidas.
460 2179 530 2234 Cum
552 2179 621 2234 olim
641 2179 671 2231 in
691 2197 796 2252 magna
816 2181 952 2236 bonorum
973 2181 1150 2236 abundantia
1165 2199 1300 2250 versarer,

126 2249 217 2303 multa
229 2253 291 2300 tum
301 2248 357 2301 diis
367 2247 557 2314 immolabam,
571 2253 632 2300 tum
644 2248 744 2318 egenis
758 2249 801 2302 lar
823 2249 915 2304 iebar:
929 2256 1055 2304 attamen
1069 2249 1135 2302 dum
1148 2267 1195 2304 oro
1207 2267 1241 2304 ac
1252 2251 1300 2330 pie

124 2317 204 2382 vivo,
223 2315 314 2370 fatum
331 2333 388 2370 uon
405 2315 486 2386 potui
502 2314 640 2387 effugere.
675 2315 714 2368 Et
731 2333 785 2386 ego
801 2267 875 2370 dixi:
901 2317 1046 2382 Quaenam
1064 2318 1300 2386 sunt,quaet1bi

124 2381 329 2454 contigerunt?
355 2383 410 2437 Ille
431 2400 496 2438 vero
516 2382 674 2453 respondit.
708 2383 773 2437 Non
793 2400 911 2438 necesse
929 2390 974 2438 est
994 2401 1069 2438 nunc
1092 2383 1199 2437 dicere:
1226 2383 1300 2438 forte

124 2457 220 2505 autem
242 2451 272 2504 in
290 2449 347 2505 fine
365 2451 480 2516 audies,
502 2451 632 2520 quisnam
649 2466 703 2520 ego
721 2467 784 2504 eum
802 2467 893 2504 essem
911 2456 940 2506 et
958 2468 992 2504 ex
1010 2449 1113 2520 quibus
1129 2456 1207 2504 ortus
1224 2456 1253 2505 θῖ
1270 2452 1300 2505 in

124 2519 225 2589 quales
242 2519 407 2572 inemrerim
423 2519 501 2574 vitae
514 2517 703 2572 calamitates.
741 2516 798 2571 Sed
810 2535 895 2586 nunc,
908 2518 1003 2572 omnia
1016 2517 1119 2572 subiici
1134 2517 1299 2586 Geniturae,

124 2587 190 2642 volo
203 2585 259 2640 tibi
272 2603 335 2640 esse
347 2586 601 2658 persuasissimum.

193 2669 301 2724 OXIH.
334 2669 397 2742 Ego
411 2669 482 2724 dixi:
503 2669 533 2724 Si
547 2669 655 2724 Genesi
668 2675 771 2725 cuncta
784 2669 918 2736 subsunt,
932 2668 1042 2750 hocque
1055 2669 1096 2724 ita
1109 2686 1172 2724 esse
1205 2687 1298 2726 ersua-

124 2755 186 2792 sum
197 2737 298 2805 habes,
311 2744 405 2792 tecum
417 2737 577 2810 pugnantia
590 2738 701 2810 cogitas
715 2744 743 2792 et
756 2737 889 2792 consulis.
919 2737 1034 2791 Etenim
1047 2737 1072 2790 si
1085 2742 1182 2792 contra
1222 2740 1299 2794 atale

124 2823 162 2859 ne
174 2807 281 2859 sentire
294 2805 408 2874 quidem
420 2823 584 2876 possumus,
603 2823 652 2859 cur
664 2805 768 2860 frustra
781 2806 893 2860 laboras
906 2805 937 2858 id
948 2803 1012 2860 fieri
1025 2804 1208 2874 consulendo,
1224 2807 1300 2876 quod

124 2889 188 2927 esse
205 2871 326 2943 nequit?
344 2873 507 2937 Quinetiam
525 2873 549 2926 si
562 2872 712 2946 ‘Nativitas
729 2873 875 2941 subsistit,
895 2873 955 2927 noli
971 2873 1001 2926 in
1013 2890 1047 2928 eo
1059 2890 1162 2928 navare
1176 2891 1299 2954 operam,

123 2946 157 2994 nt
168 2941 341 3010 persuadeas
359 2940 442 3008 mihi,
463 2957 499 2994 ue
518 2941 609 2995 colam
626 2947 765 2996 astrorum
777 2942 863 2997 etiam
874 2941 1042 3009 Dominum,
1063 2941 1129 3012 quia
1145 2947 1200 2996 etsi
1213 2942 1299 2997 velim

123 3025 182 3062 non
193 3007 257 3062 fieri
269 3007 388 3078 aliquid,
402 3007 464 3062 fieri
476 3009 584 3078 nequit.
605 3007 670 3062 Sem
692 3009 817 3078 etenim,
831 3009 906 3079 quod
919 3007 1027 3077 sube'st,
1041 3010 1084 3078 ei,
1117 3010 1174 3064 uod
1185 3016 1300 3081 praeest

124 3093 160 3130 ac
182 3075 274 3195 ducit(i
296 3082 395 3156 pareat
411 3093 529 3130 necesse
549 3076 646 3130 habet.
707 3083 766 3132 erte
786 3077 914 3132 venerari
934 3095 999 3145 eos,
1022 3077 1071 3148 qui
1111 3079 1133 3131 ri
1152 3084 1299 3149 putantur,

126 3141 234 3196 Genesi
275 3148 418 3198 ominante
443 3143 613 3214 superfluum
634 3150 686 3198 est.
722 3144 821 3214 Neque
843 3145 919 3198 enim
941 3151 1054 3215 praeter
1076 3145 1121 3212 id,
1143 3147 1218 3216 quod
1238 3146 1299 3201 fato

146 3211 235 3276 lacet,
248 3211 402 3281 quidquam
418 3209 466 3276 fit,
483 3229 575 3282 neque
591 3211 648 3282 ipsi
665 3209 810 3281 quidpiam
822 3211 917 3266 facere
933 3219 1066 3282 possunt,
1085 3213 1133 3282 qui
1145 3213 1300 3268 universali

124 3228 235 3332 Genesi
249 3295 316 3332 suae
329 3278 387 3332 sint
400 3279 531 3334 subiecti.
568 3277 599 3332 Si
612 3278 735 3333 Genesis
753 3277 864 3345 existit,
884 3284 1039 3349 repugnat,
1053 3280 1083 3331 id
1095 3281 1171 3360 quod
1184 3298 1241 3333 non
1254 3286 1299 3334 est

125 3346 253 3425 primmn,
267 3346 417 3416 imperare:
437 3351 487 3400 aut
500 3346 660 3401 subiectum
672 3361 735 3400 csse
748 3363 805 3400 non
815 3350 927 3416 potest,
940 3362 1003 3398 eum
1015 3346 1185 3416 ingenuum,
1197 3352 1298 3416 utpote

128 3414 298 3486 mgenitum,
312 3413 384 3468 nihil
396 3413 503 3469 habeat
515 3432 546 3469 se
558 3413 711 3484 antiquius.

192 3496 295 3555 CXIV.
327 3497 408 3552 Haec
426 3515 489 3552 cum
513 3499 595 3554 inter,
608 3516 660 3552 nos
678 3498 869 3568 loqueremur,
891 3496 993 3567 ingens
1016 3495 1132 3550 adstitit
1153 3495 1298 3551 hominum

124 3565 283 3622 multitudo.
317 3563 455 3635 Tuncque
472 3567 509 3621 ad
522 3584 570 3622 eos
587 3565 744 3636 respiciens
758 3565 834 3620 dixi:
853 3563 916 3637 Ego
930 3582 993 3620 cum
1006 3580 1110 3635 genere
1123 3581 1186 3620 meo
1198 3565 1299 3636 accepi

126 3650 144 3686 a
155 3632 307 3686 maioribus
321 3633 428 3686 cultum
441 3633 507 3701 Dei,
522 3639 551 3688 et
563 3639 746 3704 praeceptum
757 3633 865 3700 habeo,
882 3649 917 3688 ne
930 3632 1004 3686 ortui
1016 3631 1195 3702 adhaeream,
1209 3638 1297 3688 astro-

125 3700 234 3772 logicae
247 3701 361 3774 inquam
379 3701 563 3772 disciplinae:
584 3701 693 3754 idcirco
713 3700 825 3756 adeam
842 3701 966 3755 animum
977 3718 1034 3755 non
1047 3701 1181 3772 applicui.
1214 3700 1298 3756 Unde

127 3939 170 3994 δι’.
181 3968 215 3978 -
231 3938 260 4008 3)
274 3937 441 4009 [ἐπέτρεψεν
454 3941 557 3992 adiunxi
569 3958 598 3992 ex
609 3941 688 3992 Hom.
783 3941 844 4007 Gap.
858 3941 936 3990 CXII.
972 3937 999 4007 1)
1013 3936 1088 3992 οὕτω
1101 3942 1131 3990 0,
1148 3967 1182 3976 -
1198 3938 1224 4000 2)
1238 3935 1296 3998 ἀξι-

124 4010 192 4072 XIV,
203 4007 228 4058 l.
239 4035 273 4046 -
284 4003 313 4075 4)
326 4004 480 4076 εὐλογήσας
493 4026 541 4060 om.
555 4011 585 4060 0.
731 4006 814 4060 οὖσιν
827 4009 858 4059 V.
868 4035 904 4044 -
915 4005 941 4071 3)
956 4003 1079 4078 πενηχρά
1089 4025 1146 4076 μου
1159 4022 1205 4056 ser.
1221 4009 1249 4057 0.
1262 4034 1297 4044 -

174 4093 233 4158 Cap.
258 4093 324 4142 CXI.
372 4089 399 4154 1)
430 4088 564 4162 ὑφηγεῖτο
592 4093 621 4142 0.
653 4119 687 4128 -
729 4072 963 4143 4)²“2d⁶⁵·i¹¹v·

125 4155 151 4227 2)
172 4161 328 4229 περιέργως
355 4160 445 4223 Hom,
475 4161 542 4224 quod
569 4163 687 4226 praestat.
781 4159 840 4224 Gap.
862 4158 954 4208 oxffl.
991 4153 1017 4223 1)
1036 4151 1209 4223 γενήσασθαι
1222 4159 1297 4208 0.-

126 4227 232 4278 Snbinde
244 4226 356 4279 κλεπῶν
369 4223 428 4294 (sic)
442 4229 471 4276 0.
483 4254 517 4262 -
534 4223 559 4285 3)
574 4242 686 4278 uranei·
729 4220 756 4292 2)
771 4221 787 4274 ὑ
813 4227 909 4290 ἔστηκε
923 4225 951 4273 0.
963 4249 997 4258 -
1009 4221 1035 4286 3)
1050 4219 1089 4291 μὴ
1103 4224 1193 4288 σέβειν
1205 4241 1252 4274 om.
1266 4227 1295 4274 Ο.

126 4290 172 4348 aba
183 4289 299 4361 0.-4)
313 4293 343 4346 ἐν
355 4310 402 4346 om.
417 4297 445 4344 0.
461 4290 534 4362 -5)
549 4291 585 4353 ὡς
597 4293 649 4348 νῦν
661 4311 685 4360 p.
729 4319 763 4329 -
784 4243 813 4358 (ἵ)
835 4289 883 4356 [τι]
905 4290 1002 4340 inserui
1023 4307 1052 4340 ex
1069 4291 1153 4352 Hom,
1175 4292 1244 4358 Epit.
1263 4319 1296 4326 —

125 4362 172 4416 νῦν
183 4361 214 4414 δὲ
228 4364 258 4414 0.
270 4389 305 4400 -
316 4357 344 4428 6)
358 4356 392 4427 ἦν
405 4365 436 4412 0.
730 4356 757 4421 5)
770 4359 810 4427 aqi
822 4360 855 4410 V·
868 4387 902 4396 -
916 4354 943 4426 6)
958 4357 1049 4426 ἑαυτῷ
1062 4360 1091 4408 Ο.
