3126 4894
276 321 339 387 158
749 341 976 390 CLEMENTINA

273 517 336 596 χευε
350 493 484 597 γαμετήν
506 519 539 556 ου
532 492 648 596 ’θέλεις
662 517 688 598 61.
703 497 758 555 τῶν
773 497 830 556 σῶν
846 495 1035 574 κλαπήναι,·“
1021 495 1114 596 ετέρου
1133 494 1169 594 μή
1185 497 1284 558 κλέπτε
1297 495 1388 577 μηδέν.
1406 493 1456 558 καὶ

274 573 365 649 οῦτως
380 577 428 681 άηή
448 581 522 657 υμῶν
538 577 632 641 αὐτῶν
652 579 685 640 τὸ
705 578 816 680 εῦλογογ
831 583 1007 650 συννοοῦντες
1027 605 1072 640 και
1088 584 1244 656 ποιοῦντες,
1262 585 1322 658 θεῶ
1337 605 1455 662 προσφι-

274 667 330 733 λεῖς
344 661 481 743 γενόμενοι
498 661 701 766 ἐπιτεύξησθεδ
715 666 765 745 τῆς
780 663 890 734 ιάσεως.

358 746 423 805 LV
472 745 625 810 Τοιαῦτα
613 747 669 809 υπὸ
682 749 732 809 τοῦ
753 748 895 828 Πέτρου’
880 772 908 808 ιν
927 745 1064 828 ὀλίγαις
1051 748 1165 848 ημέραις
1179 748 1400 854 κατηχηθέντες
1404 746 1454 812 καλ

275 827 459 904 ἐαθέντες,’
439 855 565 903 απαντες
589 832 812 936 ἐβαπτίσθησαν.
832 856 857 893 οι
854 829 906 935 66
923 831 1051 936 Σιδώνιοι
1065 835 1156 935 ταῦτα
1172 832 1343 938 6606666664
1357 833 1455 904 ἱκέτας

274 916 346 1020 πρής
360 915 408 1018 τήν
424 917 536 995 Πέτρον
552 913 721 978 ἀπέστελλον
736 917 829 978 έλθεῖν
845 915 914 996 πρὸς
930 914 1043 987 αὐτούς
1059 913 1140 979 αύτοι
1156 916 1208 998 γάρ
1224 917 1316 979 διά
1284 943 1337 987 τας
1352 916 1454 988 νόσους

274 1001 344 1096 πρὸς
360 998 446 1062 αὐτὸν
460 1001 599 1062 ἐλθεῖν
571 1025 620 1062 ουκ
635 995 743 1103 6660063
758 1024 774 1060 0
791 1001 902 1078 Πετρος
916 997 978 1062 66
965 1004 1072 1081 ημερῶν
1086 999 1119 1063 06
1138 1004 1248 1072 πολλῶν
1268 1003 1454 1083 ἐνδιατρίψας

274 1089 307 1162 τή
329 1081 410 1162 Τύρῳ
431 1079 478 1146 καὶ
498 1088 690 1146 παντοδαπῶν
708 1083 809 1154 αῦτοῦς
829 1083 998 1158 ἀπαλλάξας
1019 1089 1125 1147 παθῶν
1129 1073 1290 1190 ἐκκλησίαν
1309 1110 1339 1148 τε
1354 1110 1453 1166 συστη-

274 1167 414 1271 σάμενος
413 1163 463 1272 γαί
478 1167 537 1231 άπὸ
557 1169 613 1271 γῶν
628 1169 767 1248 ἑπομένων
791 1168 867 1246 αὐτῷ
871 1169 1102 1271 πρεσβυτερων’
1087 1169 1237 1232 επίσκοπον
1253 1168 1349 1240 αὐτοῖς
1364 1195 1453 1232 κατα-

274 1251 383 1333 στήσας
398 1251 521 1332 ὥρμησεν
535 1253 575 1324 είς
589 1255 714 1313 Σιδῶνα.
738 1251 835 1332 Σίμων
849 1250 906 1314 66
893 1277 909 1314 ο
925 1251 1013 1354 μάγος
1026 1251 1132 1358 μαθιήν
1148 1252 1252 1334 ήκοντα
1272 1254 1321 1317 τὸν
1337 1256 1452 1335 Πέτρον

228 1329 233 1340 ’
274 1337 362 1408 εὐθὺς
378 1337 531 1418 άπέδρα’
503 1363 542 1408 εις
558 1335 687 1440 Βηρυτόν
701 1360 773 1416 μετα
761 1333 1009 1440 Ἀππίωνος
963 1363 1010 1444 κμι
1025 1339 1080 1400 τῶν
1095 1338 1196 1400 ἑαυτοῦ
1211 1337 1337 1418 ἑταιρῶν.

358 1421 439 1480 LVI
487 1423 547 1484 Τοῦ
566 1419 595 1483 66
619 1419 730 1500 Πέτρου
750 1420 889 1526 εἰσιόντος
902 1422 940 1492 είς
959 1422 1010 1526 τήν
1028 1427 1143 1484 Σιδῶνα
1162 1423 1312 1493 πολλοὺς
1297 1449 1325 1484 εν
1344 1423 1453 1493 κλίναις

273 1507 404 1588 (γέροντες
418 1507 474 1586 πρὸ
489 1505 576 1569 αὐτοῦ
591 1505 733 1568 ἐτίθεσαν.
757 1501 822 1567 666
840 1505 910 1584 πρὸς
931 1506 1032 1576 αὐτοὺς
1051 1506 1116 1609 έηνη·
1136 1505 1173 1609 μή
1191 1506 1301 1569 τοίνυν1
1320 1509 1457 1588 νομίσητέ

272 1593 324 1672 μέ2
339 1615 364 1653 τι
380 1590 522 1654 δύνασθαι
536 1589 607 1668 πρὸς
620 1587 753 1670 ῦμετέραν
769 1585 856 1663 ίασιν,
880 1590 971 1669 ἄνδρα
985 1591 1090 1669 θνητὸν
1106 1587 1152 1653 καί
1169 1591 1255 1653 αὐτὸν
1270 1595 1383 1662 πολλοις
1397 1590 1451 1652 πά-

273 1686 356 1738 θεσιν
369 1673 515 1738 ῦποπεσειν
528 1673 693 1776 δυνάμενον
708 1671 911 1779 ὑφηγήσασθαι
926 1670 976 1736 66'
965 1685 1026 1754 υμῖν
1037 1673 1086 1737 τὸν
1098 1674 1217 1778 τρόπον,
1226 1675 1257 1738 δι
1271 1701 1304 1738 ου
1291 1669 1453 1756 σωθῆναι

275 1759 428 1840 δυνήσεσθε
449 1759 480 1822 06
503 1763 619 1839 φθονῶ,
642 1753 688 1820 καλ
713 1758 798 1828 αὐτὸς
821 1757 901 1840 παρὰ
923 1763 972 1821 τοῦ
995 1759 1087 1838 κυρῶν
1110 1757 1187 1838 ήμῶν
1211 1759 1300 1838 Ἰησοῦ
1322 1763 1452 1840 Χριστοῦ

272 1788 378 1924 μεθ’ῶν
398 1843 468 1947 6664
483 1839 703 1922 προωρισμένους
723 1846 773 1905 τοῦ
793 1847 863 1904 θεοῦ
883 1842 938 1922 πρὸ
952 1841 1157 1946 καταβολής’
1126 1867 1229 1948 κοσμου
1244 1841 1383 1948 ὁρισμούς.
1397 1869 1451 1906 τοι-

274 1930 368 1991 αῦτα3
391 1953 436 1991 και
453 1930 480 1990 ἐν
495 1953 528 2006 τη
517 1930 648 1989 Σιδῶνι
661 1929 710 1988 τοῦ
731 1926 842 2028 Πέτρου
862 1931 1066 2028 παραινοῦντος
1082 1953 1109 1988 εν
1129 1924 1243 2008 ήμέοαις
1262 1927 1369 2011 όλίγοιις
1384 1935 1450 1991 πυλ-

273 2017 328 2076 λῶν
347 2012 429 2074 κάκεῖ
445 2009 677 2136 μετανοησάντων
697 2036 743 2073 και
761 2009 969 2114 πιστευσάντων
984 2007 1030 2073 καλ
1048 2013 1287 2114 θεραπευθέντων
1302 2014 1449 2094 ἐκκλησίαν

272 2096 469 2203 6666666666,⁴
491 2121 536 2157 και
561 2099 616 2158 τῶν
644 2097 834 2174 συνεπομένων
857 2093 934 2173 αῦτῶ
962 2093 1153 2177 πρεσβυτέρων
1175 2095 1238 2158 τινὰ
1264 2096 1450 2178 καταστήσας

274 2181 371 2251 αότοῖς
387 2181 537 2242 ἐπίσκοπον
553 2177 598 2253 εξ
584 2204 623 2259 γει
638 2181 688 2284 τής
702 2183 836 2249 Σιδῶνος,

357 2264 454 2324 LVII.
484 2261 535 2334 Ως
550 2259 579 2324 66
593 2263 681 2334 εὐθὺς
696 2261 825 2345 ἐπέβη
792 2288 841 2343 της
857 2265 1037 2344 Βηρυτοῦ,
1010 2263 1121 2343 σεισμὸς
1136 2259 1318 2345 ἐγένετοκαὶ
1333 2289 1359 2370 οι
1354 2265 1451 2344 όχλοι

273 2348 433 2431 προσιόντες
446 2375 486 2428 τῳ
474 2349 612 2427 Πέτρῳ,
631 2345 739 2428 βοήθει,
746 2348 859 2451 ἐλεγ·ον
887 2347 1122 2430 πεφοβήμεθα
1092 2373 1158 2451 γαρ,
1174 2348 1298 2430 εἠιυισαν,
1314 2348 1351 2431 μή
1371 2349 1449 2428 άρνι1

272 2432 359 2516 άρδνγν
373 2433 478 2506 πάντες
484 2430 701 2511 2ἀπολώμεθα.
722 2431 785 2494 τότε
804 2429 820 2494 6
841 2433 938 2511 Σιμων
952 2431 1133 2539 τολμήσας’
1112 2458 1174 2513 αμα
1193 2457 1233 2511 τῳ
1221 2431 1450 2497 ”’Ἀππι’ωνν
1402 2460 1450 2496 και

272 2519 433 2625 Ἀνουβίωῦι
452 2544 498 2581 και
491 2513 706 2597 Ἀθηνοδώρῳ
724 2511 771 2578 καλ
793 2526 851 2610 τοῖς
870 2516 1014 2586 λοιποῖς’
999 2518 1119 2624 εταίροις
1141 2517 1227 2580 αῦτοῦ
1247 2520 1368 2600 δημοσίᾳ
1390 2528 1451 2590 τοῖς

271 2601 364 2709 ὄχλοις
382 2603 457 2666 κατὰ
476 2603 525 2665 τοῦ
546 2603 657 2706 Πέτρου
675 2599 755 2683 ἐβόα
763 2603 901 2705 φεύγετε,
925 2601 1078 2682 ἄνδρες,
1052 2627 1101 2702 τον
1117 2601 1207 2707 66666
1221 2606 1334 2706 τρῦτοη
1356 2601 1448 2709 μάχας

273 2683 355 2762 ἐστιν,
370 2686 544 2759 πιστεύσατε,
559 2681 667 2747 καὶτὸν
680 2685 792 2765 σεισμόν
803 2685 888 2754 αὐτὸς
902 2687 1028 2764 ἐποιήσω
1043 2687 1070 2748 ἐν
1085 2683 1146 2765 ύμῖν
1161 2681 1208 2748 καὶ
1222 2686 1275 2757 τὰς
1286 2685 1387 2792 666004
1400 2689 1450 2750 ἐκί-

272 2796 351 2852 νησεν
368 2772 461 2846 αὐτὸς,
478 2769 523 2833 ἵνα
537 2767 609 2848 ύμάς
624 2767 878 2849 καταπλήξηται,
859 2795 898 2840 ως
905 2771 1104 2872 3νομισβνῦναι
1118 2769 1198 2841 θεός
1218 2768 1334 2850 ἡσυχίαν
1350 2767 1380 2832 66
1394 2796 1449 2834 πα-

271 2853 425 2964 ρασχόντος
443 2857 493 2918 τοῦ
515 2850 616 2916 λαοῦ
603 2877 619 2951 6
640 2855 750 2932 Πέτρος
768 2852 856 2933 βραχύ
879 2851 1079 2933 ὑπομειδιάσας
1099 2859 1363 2934 καταπληκτική
1328 2881 1362 2960 66
1379 2881 1450 2939 παρ-

271 2941 355 3042 6660'6
370 2941 458 3001 εἶπεν·
470 2938 581 3044 ἄνδρες,
598 2935 670 3015 άπερ
681 2933 755 2999 οὗτοι
759 2939 900 3043 λέγουσιν,
913 2942 984 3042 θεοῦ
999 2939 1135 3008 θέλοντος
1144 2963 1231 3000 ποιενν
1243 2939 1407 3010 δυνατὸςΊ
1379 2965 1450 3003 ειναν

272 3023 411 3127 ὁμολογῶ·
428 3023 511 3124 πρὸς
513 3020 542 3083 66
557 3019 662 3090 τούτοις
677 3019 783 3100 ἕτοιμός
797 3037 857 3099 ειμι,
873 3021 922 3084 ἐὰν
935 3007 974 3102 66
990 3023 1139 3102 πείθησθέ
1148 3023 1213 3101 μοι*
1233 3020 1298 3103 περὶ
1312 3017 1352 3085 ῶν
1367 3022 1449 3106 λέγω,

273 3107 323 3190 τἠν
338 3109 436 3168 πάσαν
450 3103 528 3186 ὑμῶν
543 3106 730 3206 έκβαθρεῦσαι
745 3103 833 3166 πόλιν.

356 3189 469 3248 LVIH.
504 3191 570 3251 Τῶν
585 3185 614 3250 δε
621 3187 712 3268 οχλων
727 3189 910 3290 φοβηθέντων
925 3215 971 3251 και
963 3185 1143 3300 προθύμως
1152 3190 1444 3292 ἐπαγγελλομένων
1411 3218 1448 3254 τα

270 3275 317 3340 ὑπ’
341 3275 427 3338 αὐτοῦ
430 3271 608 3376 κελευόμενα
616 3273 770 3380 πράττειν,
790 3271 809 3334 6
816 3274 965 3378 Πε’τρος’
949 3288 1013 3354 εφη
1025 3269 1161 3354 μηδεις
1150 3279 1225 3355 υμῶν
1245 3272 1376 3379 ήμιλείτω
1391 3287 1449 3348 τοῖς

270 3359 380 3465 μάγοις,
402 3354 469 3440 μήτε
492 3355 701 3458 άναμιγνήσθω.
721 3383 746 3420 οι
742 3352 795 3420 ‘66
813 3353 929 3436 όχλοι’
909 3383 971 3439 αμα
989 3357 1091 3436 τῶ1
1072 3361 1191 3463 6606601.
1210 3363 1259 3420 τοῦ
1277 3359 1449 3440 κελεύματος

270 3444 413 3549 συντόμως
433 3442 521 3516 ξύλα2
548 3439 681 3522 λαβόντες
704 3437 751 3503 καὶ
773 3439 914 3520 τύψαντες
941 3442 1006 3513 τοὺς
1026 3438 1089 3543 περὶ
1114 3443 1163 3504 τὸν
1187 3444 1306 3547 Σίμωνα
1333 3445 1448 3506 ε’διῦικον

272 3529 373 3632 αήτοῦς
395 3527 447 3597 ἕως
466 3529 658 3596 παντελῶς
625 3551 683 3626 της
693 3523 800 3595 πόλεως
819 3523 965 3604 ἐξήλασαν.
989 3522 1036 3587 καὶ
1054 3525 1230 3597 εἰσελθόντες
1253 3527 1282 3629 66
1298 3530 1449 3598 νοσοῦντες

272 3612 365 3674 αὐτῶν
380 3635 426 3672 και
417 3605 623 3713 βαιμονῶντες
637 3604 684 3714 κητλ
704 3633 762 3679 πας
776 3633 793 3669 ο
812 3607 893 3686 όχλος
908 3608 1076 3710 γονμπετής3
1096 3608 1152 3690 πρὸ
1166 3615 1223 3672 τῶν
1239 3609 1328 3672 αὐτοῦ
1342 3611 1449 3675 ἔκειντο

271 3690 401 3755 ποδῶν
388 3717 404 3754 ο
421 3691 491 3754 66'
464 3710 503 3763 εις
517 3693 636 3772 οόρανὸν
645 3692 725 3795 άρας
739 3691 792 3794 τήις
804 3701 898 3796 χεῖρας
912 3689 959 3754 καὶ
973 3696 1013 3771 τῶ
1025 3697 1088 3771 θεῷ
1104 3692 1373 3774 προσευξάμενος’
1342 3720 1450 3758 ιασατο

270 3785 335 3879 τοὺς
349 3773 460 3876 πάγτας
474 3778 503 3838 ἐκ
521 3774 605 3872 μόνης
618 3775 712 3880 εόχής
734 3776 783 3838 οὐκ
783 3775 897 3882 ὀλίγας
912 3773 975 3882 δή
961 3777 1067 3882 666664
1088 3779 1280 3882 παραμείνας
1281 3787 1342 3848 τοῖς
1357 3783 1450 3860 Βηρυ

271 3859 340 3930 τίοις
354 3884 401 3921 και
392 3855 582 3929 πολλοὺς
549 3883 582 3938 τη
598 3883 637 3929 εις
652 3859 700 3922 τόν
714 3860 824 3939 πατέρα
838 3855 886 3921 καὶ
899 3860 957 3963 0066
971 3857 1018 3922 καὶ
1034 3859 1112 3941 άγιον
1123 3866 1242 3970 πγεῦμα
1243 3862 1335 3924 πίστει
1349 3887 1450 3943 κατορ

270 3941 374 4046 θιγόσας
388 3967 436 4004 και
426 3937 635 4044 βαπτισας,’
616 3943 675 4004 απὸ
690 3946 745 4007 τῶν
760 3942 899 4020 ἑπομένων
918 3943 995 4023 αότῳ
983 3945 1242 4026 πρεσβυτέρων”
1223 3971 1275 4009 ενα
1294 3946 1450 4011 ἐπισκόπου

273 4027 369 4095 αὐτοῖς
383 4024 564 4127 καταστήσας
578 4027 617 4096 εἰς
617 4027 680 4128 τήν
695 4025 828 4107 Βύβλον4
841 4025 922 4104 ἐξήει.

355 4109 439 4166 LIX.
483 4104 545 4170 Καὶ
544 4106 705 4210 γενόμενος
723 4107 781 4169 ἐκεῖ
795 4105 860 4170 καὶ1
879 4109 984 4188 μαθὼν
1003 4109 1047 4172 ότι
1061 4112 1208 4214 Σίμων’
1179 4137 1218 4184 εις
1243 4111 1423 4216 Τρίπολιν
1396 4139 1448 4219 ωρ-

270 4213 362 4293 μησεν,
379 4189 409 4251 δί
415 4188 550 4295 ὀλίγωγ
537 4196 642 4293 ημερῶν
658 4190 756 4293 αότογς
767 4193 906 4270 ἐπιμείνας
926 4219 972 4256 και
964 4191 1170 4298 θεραπεύσας
1185 4195 1304 4268 πολλοὺς
1319 4191 1369 4259 καὶ
1384 4207 1449 4270 ταῖς

184 4275 187 4282 “
270 4272 372 4351 βίβλοις
387 4271 487 4342 αὐτοὺς
492 4273 656 4374 ἐνασκήσας
667 4298 721 4336 κατ
735 4270 815 4375 ἴχνος
828 4298 877 4336 του
865 4277 1056 4355 Σίμωνος’
1028 4304 1067 4350 εις
1078 4277 1128 4359 τήν
1143 4281 1304 4360 Τρόιολκν’
1287 4280 1447 4362 ἐπορεύετο,

271 4351 446 4430 μεταδιώκειν
466 4352 551 4414 αὐτὸν
570 4359 687 4432 μᾶλλον,
709 4356 759 4434 οόχ
773 4355 933 4437 ὑποφεύγειν
953 4362 1149 4442 προῃρημένος.
1171 4365 1210 4435 εἰς
1232 4361 1263 4426 66
1284 4363 1358 4444 666²
1385 4366 1448 4446 Τρί-
