<?xml version="1.0" encoding="UTF-8"?>
<!DOCTYPE html PUBLIC "-//W3C//DTD XHTML 1.0 Transitional//EN"
    "http://www.w3.org/TR/xhtml1/DTD/xhtml1-transitional.dtd">
<html xmlns="http://www.w3.org/1999/xhtml" xml:lang="en" lang="en">
 <head>
  <title>
</title>
<meta http-equiv="Content-Type" content="text/html;charset=utf-8" />
  <meta name='ocr-system' content='tesseract 3.04.00' />
  <meta name='ocr-capabilities' content='ocr_page ocr_carea ocr_par ocr_line ocrx_word'/>
</head>
<body>
  <div class='ocr_page' id='page_1' title='image "./clementinorumep00dresgoog_0182.png"; bbox 0 0 3126 4894; ppageno 0'>
   <div class='ocr_carea' id='block_1_1' title="bbox 556 256 1298 321">
    <p class='ocr_par' dir='ltr' id='par_1_1' title="bbox 556 256 1298 321">
     <span class='ocr_line' id='line_1_1' title="bbox 556 256 1298 321; baseline 0.005 -4"><span class='ocrx_word' id='word_1_1' title='bbox 556 269 711 319; x_wconf 70' lang='lat' dir='ltr'>arraona</span> <span class='ocrx_word' id='word_1_2' title='bbox 728 270 871 320; x_wconf 76' lang='grc'><strong>111111.</strong></span> <span class='ocrx_word' id='word_1_3' title='bbox 1238 256 1298 321; x_wconf 87' lang='grc'>163</span> 
     </span>
    </p>
   </div>
   <div class='ocr_carea' id='block_1_2' title="bbox 119 413 1298 565">
    <p class='ocr_par' dir='ltr' id='par_1_2' title="bbox 119 413 1298 565">
     <span class='ocr_line' id='line_1_2' title="bbox 119 413 1297 493; baseline 0.006 -25"><span class='ocrx_word' id='word_1_4' title='bbox 119 415 276 484; x_wconf 87' lang='lat' dir='ltr'>deponere,</span> <span class='ocrx_word' id='word_1_5' title='bbox 289 413 347 468; x_wconf 89' lang='lat' dir='ltr'>nisi</span> <span class='ocrx_word' id='word_1_6' title='bbox 360 413 438 493; x_wconf 89' lang='lat' dir='ltr'>prius</span> <span class='ocrx_word' id='word_1_7' title='bbox 450 413 481 466; x_wconf 89' lang='lat' dir='ltr'>in</span> <span class='ocrx_word' id='word_1_8' title='bbox 490 413 573 468; x_wconf 91' lang='lat' dir='ltr'>bonis</span> <span class='ocrx_word' id='word_1_9' title='bbox 583 413 744 469; x_wconf 77' lang='lat' dir='ltr'><strong>actionibus</strong></span> <span class='ocrx_word' id='word_1_10' title='bbox 753 415 951 486; x_wconf 80' lang='lat' dir='ltr'>baptizemini:</span> <span class='ocrx_word' id='word_1_11' title='bbox 965 421 1051 486; x_wconf 91' lang='lat' dir='ltr'>atque</span> <span class='ocrx_word' id='word_1_12' title='bbox 1062 417 1103 472; x_wconf 91' lang='lat' dir='ltr'>ita</span> <span class='ocrx_word' id='word_1_13' title='bbox 1110 419 1173 488; x_wconf 90' lang='lat' dir='ltr'>puri</span> <span class='ocrx_word' id='word_1_14' title='bbox 1182 437 1297 491; x_wconf 84' lang='lat' dir='ltr'>corpore</span> 
     </span>
     <span class='ocr_line' id='line_1_3' title="bbox 119 479 1298 565; baseline 0.004 -29"><span class='ocrx_word' id='word_1_15' title='bbox 119 489 148 536; x_wconf 88' lang='lat' dir='ltr'>ct</span> <span class='ocrx_word' id='word_1_16' title='bbox 161 481 260 536; x_wconf 90' lang='lat' dir='ltr'>anima</span> <span class='ocrx_word' id='word_1_17' title='bbox 273 479 375 536; x_wconf 82' lang='lat' dir='ltr'>effectr</span> <span class='ocrx_word' id='word_1_18' title='bbox 387 480 482 536; x_wconf 85' lang='lat' dir='ltr'>futuro</span> <span class='ocrx_word' id='word_1_19' title='bbox 494 487 631 560; x_wconf 78' lang='lat' dir='ltr'>perpetuo</span> <span class='ocrx_word' id='word_1_20' title='bbox 643 498 732 553; x_wconf 86' lang='lat' dir='ltr'>regno</span> <span class='ocrx_word' id='word_1_21' title='bbox 744 481 883 537; x_wconf 87' lang='lat' dir='ltr'>fruemini.</span> <span class='ocrx_word' id='word_1_22' title='bbox 918 483 1019 554; x_wconf 85' lang='lat' dir='ltr'>Neque</span> <span class='ocrx_word' id='word_1_23' title='bbox 1037 483 1126 565; x_wconf 75' lang='lat' dir='ltr'>igitur</span> <span class='ocrx_word' id='word_1_24' title='bbox 1141 486 1226 540; x_wconf 87' lang='lat' dir='ltr'>idolis</span> <span class='ocrx_word' id='word_1_25' title='bbox 1239 505 1298 541; x_wconf 90' lang='lat' dir='ltr'>cre·</span> 
     </span>
    </p>
   </div>
   <div class='ocr_carea' id='block_1_3' title="bbox 18 549 1297 630">
    <p class='ocr_par' dir='ltr' id='par_1_3' title="bbox 18 549 1297 630">
     <span class='ocr_line' id='line_1_4' title="bbox 18 549 1297 630; baseline 0.005 -29"><span class='ocrx_word' id='word_1_26' title='bbox 18 597 19 618; x_wconf 65' lang='lat'>,</span> <span class='ocrx_word' id='word_1_27' title='bbox 120 550 191 615; x_wconf 89' lang='lat' dir='ltr'>dite,</span> <span class='ocrx_word' id='word_1_28' title='bbox 205 565 262 602; x_wconf 89' lang='lat' dir='ltr'>nec</span> <span class='ocrx_word' id='word_1_29' title='bbox 275 565 393 602; x_wconf 82' lang='lat' dir='ltr'>mensae</span> <span class='ocrx_word' id='word_1_30' title='bbox 407 565 502 602; x_wconf 87' lang='lat' dir='ltr'>eorum</span> <span class='ocrx_word' id='word_1_31' title='bbox 515 566 640 628; x_wconf 77' lang='lat' dir='ltr'>impurae</span> <span class='ocrx_word' id='word_1_32' title='bbox 653 549 809 630; x_wconf 69' lang='lat' dir='ltr'>participes</span> <span class='ocrx_word' id='word_1_33' title='bbox 822 557 924 618; x_wconf 89' lang='lat' dir='ltr'>estote,</span> <span class='ocrx_word' id='word_1_34' title='bbox 936 567 994 605; x_wconf 91' lang='lat' dir='ltr'>non</span> <span class='ocrx_word' id='word_1_35' title='bbox 1003 551 1137 619; x_wconf 87' lang='lat' dir='ltr'>occ1dite,</span> <span class='ocrx_word' id='word_1_36' title='bbox 1149 571 1206 607; x_wconf 89' lang='lat' dir='ltr'>non</span> <span class='ocrx_word' id='word_1_37' title='bbox 1218 555 1297 608; x_wconf 89' lang='lat' dir='ltr'>adul-</span> 
     </span>
    </p>
   </div>
   <div class='ocr_carea' id='block_1_4' title="bbox 118 617 1297 891">
    <p class='ocr_par' dir='ltr' id='par_1_4' title="bbox 118 617 1297 802">
     <span class='ocr_line' id='line_1_5' title="bbox 118 617 1297 691; baseline 0.005 -21"><span class='ocrx_word' id='word_1_38' title='bbox 118 622 228 683; x_wconf 83' lang='lat' dir='ltr'>terato,</span> <span class='ocrx_word' id='word_1_39' title='bbox 248 633 309 670; x_wconf 90' lang='lat' dir='ltr'>non</span> <span class='ocrx_word' id='word_1_40' title='bbox 326 617 392 669; x_wconf 90' lang='lat' dir='ltr'>odi0</span> <span class='ocrx_word' id='word_1_41' title='bbox 409 631 614 685; x_wconf 82' lang='lat' dir='ltr'>prosequrmmr</span> <span class='ocrx_word' id='word_1_42' title='bbox 631 634 680 670; x_wconf 85' lang='lat' dir='ltr'>vos</span> <span class='ocrx_word' id='word_1_43' title='bbox 699 634 835 685; x_wconf 83' lang='lat' dir='ltr'>rnvrcem,</span> <span class='ocrx_word' id='word_1_44' title='bbox 854 635 946 688; x_wconf 89' lang='lat' dir='ltr'>neque</span> <span class='ocrx_word' id='word_1_45' title='bbox 964 617 1070 672; x_wconf 78' lang='lat' dir='ltr'>turtum</span> <span class='ocrx_word' id='word_1_46' title='bbox 1086 619 1187 688; x_wconf 89' lang='lat' dir='ltr'>facite,</span> <span class='ocrx_word' id='word_1_47' title='bbox 1205 638 1297 691; x_wconf 91' lang='lat' dir='ltr'>neque</span> 
     </span>
     <span class='ocr_line' id='line_1_6' title="bbox 119 682 713 802; baseline -0.003 -64"><span class='ocrx_word' id='word_1_48' title='bbox 119 684 237 738; x_wconf 90' lang='lat' dir='ltr'>omnino</span> <span class='ocrx_word' id='word_1_49' title='bbox 250 683 396 754; x_wconf 80' lang='lat' dir='ltr'>capessite</span> <span class='ocrx_word' id='word_1_50' title='bbox 408 683 468 736; x_wconf 88' lang='lat' dir='ltr'>ulla</span> <span class='ocrx_word' id='word_1_51' title='bbox 478 700 566 802; x_wconf 74' lang='lat' dir='ltr'>prava</span> <span class='ocrx_word' id='word_1_52' title='bbox 578 682 713 738; x_wconf 88' lang='lat' dir='ltr'>facinora.</span> 
     </span>
    </p>

    <p class='ocr_par' dir='ltr' id='par_1_5' title="bbox 119 749 1297 891">
     <span class='ocr_line' id='line_1_7' title="bbox 187 749 1297 822; baseline 0.008 -20"><span class='ocrx_word' id='word_1_53' title='bbox 187 751 282 805; x_wconf 88' lang='lat' dir='ltr'>LXV.</span> <span class='ocrx_word' id='word_1_54' title='bbox 306 751 387 804; x_wconf 86' lang='lat' dir='ltr'>Haec</span> <span class='ocrx_word' id='word_1_55' title='bbox 401 768 466 805; x_wconf 87' lang='lat' dir='ltr'>cum</span> <span class='ocrx_word' id='word_1_56' title='bbox 498 751 599 804; x_wconf 83' lang='lat' dir='ltr'>ixisset</span> <span class='ocrx_word' id='word_1_57' title='bbox 611 757 697 820; x_wconf 87' lang='lat' dir='ltr'>atque</span> <span class='ocrx_word' id='word_1_58' title='bbox 711 768 745 806; x_wconf 84' lang='lat' dir='ltr'>ex</span> <span class='ocrx_word' id='word_1_59' title='bbox 756 749 817 806; x_wconf 84' lang='lat' dir='ltr'>Scri</span> <span class='ocrx_word' id='word_1_60' title='bbox 838 751 909 806; x_wconf 87' lang='lat' dir='ltr'>turis</span> <span class='ocrx_word' id='word_1_61' title='bbox 919 753 1076 808; x_wconf 81' lang='lat' dir='ltr'>monuisset</span> <span class='ocrx_word' id='word_1_62' title='bbox 1088 756 1186 822; x_wconf 89' lang='lat' dir='ltr'>multa,</span> <span class='ocrx_word' id='word_1_63' title='bbox 1200 773 1297 811; x_wconf 87' lang='lat' dir='ltr'>omnes</span> 
     </span>
     <span class='ocr_line' id='line_1_8' title="bbox 119 817 1296 891; baseline 0.003 -19"><span class='ocrx_word' id='word_1_64' title='bbox 119 825 340 890; x_wconf 87' lang='lat' dir='ltr'>permanserunt</span> <span class='ocrx_word' id='word_1_65' title='bbox 353 817 414 885; x_wconf 92' lang='lat' dir='ltr'>alii,</span> <span class='ocrx_word' id='word_1_66' title='bbox 427 823 460 872; x_wconf 89' lang='lat' dir='ltr'>ut</span> <span class='ocrx_word' id='word_1_67' title='bbox 472 824 647 884; x_wconf 82' lang='lat' dir='ltr'>curarentur,</span> <span class='ocrx_word' id='word_1_68' title='bbox 666 817 717 872; x_wconf 90' lang='lat' dir='ltr'>alii</span> <span class='ocrx_word' id='word_1_69' title='bbox 734 824 765 872; x_wconf 90' lang='lat' dir='ltr'>ut</span> <span class='ocrx_word' id='word_1_70' title='bbox 778 819 806 872; x_wconf 89' lang='lat' dir='ltr'>vi</span> <span class='ocrx_word' id='word_1_71' title='bbox 828 825 907 872; x_wconf 87' lang='lat' dir='ltr'>erent</span> <span class='ocrx_word' id='word_1_72' title='bbox 920 837 981 886; x_wconf 89' lang='lat' dir='ltr'>eos,</span> <span class='ocrx_word' id='word_1_73' title='bbox 990 821 1047 891; x_wconf 90' lang='lat' dir='ltr'>&#39;qui</span> <span class='ocrx_word' id='word_1_74' title='bbox 1062 823 1215 877; x_wconf 89' lang='lat' dir='ltr'>sanitatem</span> <span class='ocrx_word' id='word_1_75' title='bbox 1226 825 1296 879; x_wconf 89' lang='lat' dir='ltr'>reci-</span> 
     </span>
    </p>
   </div>
   <div class='ocr_carea' id='block_1_5' title="bbox 18 879 1298 969">
    <p class='ocr_par' dir='ltr' id='par_1_6' title="bbox 18 879 1298 969">
     <span class='ocr_line' id='line_1_9' title="bbox 18 879 1298 969; baseline 0.006 -31"><span class='ocrx_word' id='word_1_76' title='bbox 18 879 19 882; x_wconf 29' lang='lat'><em>*</em></span> <span class='ocrx_word' id='word_1_77' title='bbox 118 891 229 956; x_wconf 82' lang='lat' dir='ltr'>petent.</span> <span class='ocrx_word' id='word_1_78' title='bbox 265 885 368 939; x_wconf 90' lang='lat' dir='ltr'>Petrus</span> <span class='ocrx_word' id='word_1_79' title='bbox 382 891 478 939; x_wconf 91' lang='lat' dir='ltr'>autem</span> <span class='ocrx_word' id='word_1_80' title='bbox 491 885 637 939; x_wconf 81' lang='lat' dir='ltr'>dumtaxat</span> <span class='ocrx_word' id='word_1_81' title='bbox 650 885 686 938; x_wconf 91' lang='lat' dir='ltr'>im</span> <span class='ocrx_word' id='word_1_82' title='bbox 708 902 796 940; x_wconf 91' lang='lat' dir='ltr'>onens</span> <span class='ocrx_word' id='word_1_83' title='bbox 809 886 868 938; x_wconf 87' lang='lat' dir='ltr'>illis</span> <span class='ocrx_word' id='word_1_84' title='bbox 884 905 984 942; x_wconf 87' lang='lat' dir='ltr'>manus</span> <span class='ocrx_word' id='word_1_85' title='bbox 998 893 1027 942; x_wconf 91' lang='lat' dir='ltr'>et</span> <span class='ocrx_word' id='word_1_86' title='bbox 1038 897 1172 969; x_wconf 83' lang='lat' dir='ltr'>precatus</span> <span class='ocrx_word' id='word_1_87' title='bbox 1185 892 1298 946; x_wconf 87' lang='lat' dir='ltr'>sanavit</span> 
     </span>
    </p>
   </div>
   <div class='ocr_carea' id='block_1_6' title="bbox 119 952 1298 2318">
    <p class='ocr_par' dir='ltr' id='par_1_7' title="bbox 119 952 1298 1220">
     <span class='ocr_line' id='line_1_10' title="bbox 119 952 1298 1022; baseline 0.004 -15"><span class='ocrx_word' id='word_1_88' title='bbox 119 969 233 1020; x_wconf 90' lang='lat' dir='ltr'>omnes,</span> <span class='ocrx_word' id='word_1_89' title='bbox 250 953 324 1006; x_wconf 88' lang='lat' dir='ltr'>adeo</span> <span class='ocrx_word' id='word_1_90' title='bbox 341 959 374 1006; x_wconf 93' lang='lat' dir='ltr'>ut</span> <span class='ocrx_word' id='word_1_91' title='bbox 392 953 440 1022; x_wconf 93' lang='lat' dir='ltr'>qui</span> <span class='ocrx_word' id='word_1_92' title='bbox 459 952 553 1006; x_wconf 91' lang='lat' dir='ltr'>subito</span> <span class='ocrx_word' id='word_1_93' title='bbox 571 952 661 1007; x_wconf 91' lang='lat' dir='ltr'>curati</span> <span class='ocrx_word' id='word_1_94' title='bbox 688 961 788 1006; x_wconf 84' lang='lat' dir='ltr'>uetant</span> <span class='ocrx_word' id='word_1_95' title='bbox 800 953 986 1021; x_wconf 88' lang='lat' dir='ltr'>laetarentur,</span> <span class='ocrx_word' id='word_1_96' title='bbox 1019 973 1048 1010; x_wconf 87' lang='grc' dir='ltr'>ιιι</span> <span class='ocrx_word' id='word_1_97' title='bbox 1060 963 1154 1012; x_wconf 88' lang='lat' dir='ltr'>autem</span> <span class='ocrx_word' id='word_1_98' title='bbox 1166 957 1298 1014; x_wconf 86' lang='lat' dir='ltr'>viderant</span> 
     </span>
     <span class='ocr_line' id='line_1_11' title="bbox 119 971 1298 1100; baseline 0.005 -26"><span class='ocrx_word' id='word_1_99' title='bbox 119 1039 165 1074; x_wconf 91' lang='lat' dir='ltr'>ma</span> <span class='ocrx_word' id='word_1_100' title='bbox 208 1037 296 1100; x_wconf 79' lang='lat' dir='ltr'>opere</span> <span class='ocrx_word' id='word_1_101' title='bbox 319 1020 501 1086; x_wconf 82' lang='lat' dir='ltr'>mirarentur,</span> <span class='ocrx_word' id='word_1_102' title='bbox 525 1021 664 1091; x_wconf 89' lang='lat' dir='ltr'>simulque</span> <span class='ocrx_word' id='word_1_103' title='bbox 688 1020 837 1074; x_wconf 86' lang='lat' dir='ltr'>laudarent</span> <span class='ocrx_word' id='word_1_104' title='bbox 856 1021 957 1076; x_wconf 87' lang='lat' dir='ltr'>Deum.</span> <span class='ocrx_word' id='word_1_105' title='bbox 995 971 1064 1078; x_wconf 62' lang='lat' dir='ltr'>gum</span> <span class='ocrx_word' id='word_1_106' title='bbox 1088 1040 1156 1096; x_wconf 84' lang='lat' dir='ltr'>ergo</span> <span class='ocrx_word' id='word_1_107' title='bbox 1179 1023 1298 1081; x_wconf 87' lang='lat' dir='ltr'>firmiter</span> 
     </span>
     <span class='ocr_line' id='line_1_12' title="bbox 120 1087 1297 1168; baseline 0.005 -26"><span class='ocrx_word' id='word_1_108' title='bbox 120 1106 165 1142; x_wconf 89' lang='lat' dir='ltr'>cre</span> <span class='ocrx_word' id='word_1_109' title='bbox 188 1088 325 1154; x_wconf 84' lang='lat' dir='ltr'>idrsscnt,</span> <span class='ocrx_word' id='word_1_110' title='bbox 338 1105 395 1142; x_wconf 91' lang='lat' dir='ltr'>una</span> <span class='ocrx_word' id='word_1_111' title='bbox 407 1106 471 1142; x_wconf 94' lang='lat' dir='ltr'>cum</span> <span class='ocrx_word' id='word_1_112' title='bbox 483 1088 530 1168; x_wconf 74' lang='lat' dir='ltr'>iis,</span> <span class='ocrx_word' id='word_1_113' title='bbox 543 1089 591 1158; x_wconf 92' lang='lat' dir='ltr'>qui</span> <span class='ocrx_word' id='word_1_114' title='bbox 601 1088 695 1142; x_wconf 90' lang='lat' dir='ltr'>sanati</span> <span class='ocrx_word' id='word_1_115' title='bbox 704 1087 826 1156; x_wconf 79' lang='lat' dir='ltr'>fiierant,</span> <span class='ocrx_word' id='word_1_116' title='bbox 839 1089 877 1144; x_wconf 89' lang='lat' dir='ltr'>ad</span> <span class='ocrx_word' id='word_1_117' title='bbox 888 1107 938 1146; x_wconf 88' lang='lat' dir='ltr'>sua</span> <span class='ocrx_word' id='word_1_118' title='bbox 947 1091 1080 1146; x_wconf 89' lang='lat' dir='ltr'>abierunt</span> <span class='ocrx_word' id='word_1_119' title='bbox 1089 1099 1208 1162; x_wconf 89' lang='lat' dir='ltr'>accepto</span> <span class='ocrx_word' id='word_1_120' title='bbox 1220 1112 1297 1148; x_wconf 90' lang='lat' dir='ltr'>man-</span> 
     </span>
     <span class='ocr_line' id='line_1_13' title="bbox 122 1155 603 1220; baseline -0.004 -10"><span class='ocrx_word' id='word_1_121' title='bbox 122 1156 199 1220; x_wconf 87' lang='lat' dir='ltr'>dato,</span> <span class='ocrx_word' id='word_1_122' title='bbox 213 1162 246 1208; x_wconf 92' lang='lat' dir='ltr'>ut</span> <span class='ocrx_word' id='word_1_123' title='bbox 259 1155 398 1209; x_wconf 89' lang='lat' dir='ltr'>maturius</span> <span class='ocrx_word' id='word_1_124' title='bbox 412 1161 603 1211; x_wconf 78' lang='lat' dir='ltr'>convenirent.</span> 
     </span>
    </p>

    <p class='ocr_par' dir='ltr' id='par_1_8' title="bbox 120 1221 1296 1835">
     <span class='ocr_line' id='line_1_14' title="bbox 187 1221 1296 1297; baseline 0.007 -23"><span class='ocrx_word' id='word_1_125' title='bbox 187 1221 297 1278; x_wconf 89' lang='lat' dir='ltr'><strong>LXVI.</strong></span> <span class='ocrx_word' id='word_1_126' title='bbox 334 1223 472 1293; x_wconf 89' lang='lat' dir='ltr'>Sequenti</span> <span class='ocrx_word' id='word_1_127' title='bbox 484 1223 572 1294; x_wconf 77' lang='lat' dir='ltr'>igliur</span> <span class='ocrx_word' id='word_1_128' title='bbox 584 1223 630 1276; x_wconf 90' lang='lat' dir='ltr'>die</span> <span class='ocrx_word' id='word_1_129' title='bbox 642 1223 744 1277; x_wconf 87' lang='lat' dir='ltr'>Petrus</span> <span class='ocrx_word' id='word_1_130' title='bbox 756 1240 812 1278; x_wconf 88' lang='lat' dir='ltr'>una</span> <span class='ocrx_word' id='word_1_131' title='bbox 825 1242 889 1280; x_wconf 86' lang='lat' dir='ltr'>cum</span> <span class='ocrx_word' id='word_1_132' title='bbox 906 1225 1052 1280; x_wconf 83' lang='lat' dir='ltr'>sodalibus</span> <span class='ocrx_word' id='word_1_133' title='bbox 1071 1242 1204 1297; x_wconf 81' lang='lat' dir='ltr'>egressus</span> <span class='ocrx_word' id='word_1_134' title='bbox 1217 1231 1246 1281; x_wconf 91' lang='lat' dir='ltr'>et</span> <span class='ocrx_word' id='word_1_135' title='bbox 1259 1227 1296 1282; x_wconf 89' lang='lat' dir='ltr'>ad</span> 
     </span>
     <span class='ocr_line' id='line_1_15' title="bbox 120 1289 1296 1361; baseline 0.005 -18"><span class='ocrx_word' id='word_1_136' title='bbox 120 1291 215 1344; x_wconf 91' lang='lat' dir='ltr'>locum</span> <span class='ocrx_word' id='word_1_137' title='bbox 227 1291 349 1344; x_wconf 82' lang='lat' dir='ltr'>veniens</span> <span class='ocrx_word' id='word_1_138' title='bbox 362 1291 457 1360; x_wconf 87' lang='lat' dir='ltr'>coepit</span> <span class='ocrx_word' id='word_1_139' title='bbox 470 1291 578 1344; x_wconf 88' lang='lat' dir='ltr'>dicere:</span> <span class='ocrx_word' id='word_1_140' title='bbox 597 1289 678 1344; x_wconf 90' lang='lat' dir='ltr'>Deus</span> <span class='ocrx_word' id='word_1_141' title='bbox 690 1291 785 1344; x_wconf 91' lang='lat' dir='ltr'>omnia</span> <span class='ocrx_word' id='word_1_142' title='bbox 796 1299 900 1361; x_wconf 89' lang='lat' dir='ltr'>potest.</span> <span class='ocrx_word' id='word_1_143' title='bbox 924 1293 953 1346; x_wconf 88' lang='lat' dir='ltr'>Is</span> <span class='ocrx_word' id='word_1_144' title='bbox 970 1294 1044 1347; x_wconf 89' lang='lat' dir='ltr'>enim</span> <span class='ocrx_word' id='word_1_145' title='bbox 1057 1300 1101 1347; x_wconf 89' lang='lat' dir='ltr'>est</span> <span class='ocrx_word' id='word_1_146' title='bbox 1115 1295 1192 1347; x_wconf 89' lang='lat' dir='ltr'>solus</span> <span class='ocrx_word' id='word_1_147' title='bbox 1204 1294 1296 1349; x_wconf 91' lang='lat' dir='ltr'>bonus</span> 
     </span>
     <span class='ocr_line' id='line_1_16' title="bbox 120 1357 1295 1430; baseline 0.002 -18"><span class='ocrx_word' id='word_1_148' title='bbox 120 1376 153 1412; x_wconf 88' lang='lat' dir='ltr'>ac</span> <span class='ocrx_word' id='word_1_149' title='bbox 165 1358 271 1425; x_wconf 91' lang='lat' dir='ltr'>iustus,</span> <span class='ocrx_word' id='word_1_150' title='bbox 283 1375 359 1412; x_wconf 88' lang='lat' dir='ltr'>nuno</span> <span class='ocrx_word' id='word_1_151' title='bbox 372 1357 402 1411; x_wconf 94' lang='lat' dir='ltr'>in</span> <span class='ocrx_word' id='word_1_152' title='bbox 415 1363 532 1412; x_wconf 90' lang='lat' dir='ltr'>cunctos</span> <span class='ocrx_word' id='word_1_153' title='bbox 544 1357 671 1428; x_wconf 87' lang='lat' dir='ltr'>patiens,</span> <span class='ocrx_word' id='word_1_154' title='bbox 690 1364 723 1411; x_wconf 91' lang='lat' dir='ltr'>ut</span> <span class='ocrx_word' id='word_1_155' title='bbox 740 1359 788 1428; x_wconf 91' lang='lat' dir='ltr'>qui</span> <span class='ocrx_word' id='word_1_156' title='bbox 800 1361 956 1427; x_wconf 91' lang='lat' dir='ltr'>voluerint,</span> <span class='ocrx_word' id='word_1_157' title='bbox 972 1360 1151 1430; x_wconf 90' lang='lat' dir='ltr'>poenitentia</span> <span class='ocrx_word' id='word_1_158' title='bbox 1164 1361 1198 1416; x_wconf 93' lang='lat' dir='ltr'>de</span> <span class='ocrx_word' id='word_1_159' title='bbox 1211 1361 1295 1416; x_wconf 91' lang='lat' dir='ltr'>malis</span> 
     </span>
     <span class='ocr_line' id='line_1_17' title="bbox 120 1425 1296 1506; baseline 0.003 -26"><span class='ocrx_word' id='word_1_160' title='bbox 120 1443 137 1480; x_wconf 90' lang='lat' dir='ltr'>a</span> <span class='ocrx_word' id='word_1_161' title='bbox 153 1443 183 1480; x_wconf 89' lang='lat' dir='ltr'>se</span> <span class='ocrx_word' id='word_1_162' title='bbox 202 1425 364 1480; x_wconf 85' lang='lat' dir='ltr'>commissis</span> <span class='ocrx_word' id='word_1_163' title='bbox 381 1431 447 1479; x_wconf 89' lang='lat' dir='ltr'>acta</span> <span class='ocrx_word' id='word_1_164' title='bbox 468 1431 496 1478; x_wconf 89' lang='lat' dir='ltr'>et</span> <span class='ocrx_word' id='word_1_165' title='bbox 512 1425 573 1479; x_wconf 88' lang='lat' dir='ltr'>vita</span> <span class='ocrx_word' id='word_1_166' title='bbox 589 1426 636 1495; x_wconf 90' lang='lat' dir='ltr'>pie</span> <span class='ocrx_word' id='word_1_167' title='bbox 653 1432 814 1493; x_wconf 89' lang='lat' dir='ltr'>transacta,</span> <span class='ocrx_word' id='word_1_168' title='bbox 834 1445 867 1482; x_wconf 90' lang='lat' dir='ltr'>eo</span> <span class='ocrx_word' id='word_1_169' title='bbox 885 1427 945 1492; x_wconf 91' lang='lat' dir='ltr'>die,</span> <span class='ocrx_word' id='word_1_170' title='bbox 964 1444 1018 1506; x_wconf 89' lang='lat' dir='ltr'>quo</span> <span class='ocrx_word' id='word_1_171' title='bbox 1039 1427 1171 1481; x_wconf 89' lang='lat' dir='ltr'>universa</span> <span class='ocrx_word' id='word_1_172' title='bbox 1189 1428 1296 1483; x_wconf 89' lang='lat' dir='ltr'>iudica·</span> 
     </span>
     <span class='ocr_line' id='line_1_18' title="bbox 120 1493 1294 1566; baseline 0.003 -20"><span class='ocrx_word' id='word_1_173' title='bbox 120 1493 235 1560; x_wconf 89' lang='lat' dir='ltr'>buntur,</span> <span class='ocrx_word' id='word_1_174' title='bbox 248 1511 300 1564; x_wconf 88' lang='lat' dir='ltr'>pro</span> <span class='ocrx_word' id='word_1_175' title='bbox 313 1493 413 1547; x_wconf 90' lang='lat' dir='ltr'>merito</span> <span class='ocrx_word' id='word_1_176' title='bbox 425 1493 592 1563; x_wconf 89' lang='lat' dir='ltr'>percipiant.</span> <span class='ocrx_word' id='word_1_177' title='bbox 613 1494 791 1564; x_wconf 77' lang='lat' dir='ltr'>Quapropter</span> <span class='ocrx_word' id='word_1_178' title='bbox 802 1513 877 1549; x_wconf 88' lang='lat' dir='ltr'>nunc</span> <span class='ocrx_word' id='word_1_179' title='bbox 888 1495 1006 1564; x_wconf 79' lang='lat' dir='ltr'>incipite</span> <span class='ocrx_word' id='word_1_180' title='bbox 1016 1493 1107 1548; x_wconf 89' lang='lat' dir='ltr'>bonae</span> <span class='ocrx_word' id='word_1_181' title='bbox 1120 1495 1294 1566; x_wconf 87' lang='lat' dir='ltr'>cognitionis</span> 
     </span>
     <span class='ocr_line' id='line_1_19' title="bbox 120 1560 1294 1633; baseline 0.002 -19"><span class='ocrx_word' id='word_1_182' title='bbox 120 1562 251 1631; x_wconf 89' lang='lat' dir='ltr'>persuasi</span> <span class='ocrx_word' id='word_1_183' title='bbox 268 1579 285 1615; x_wconf 93' lang='lat' dir='ltr'>a</span> <span class='ocrx_word' id='word_1_184' title='bbox 301 1560 379 1627; x_wconf 90' lang='lat' dir='ltr'>Deo,</span> <span class='ocrx_word' id='word_1_185' title='bbox 397 1560 530 1616; x_wconf 88' lang='lat' dir='ltr'>resistere</span> <span class='ocrx_word' id='word_1_186' title='bbox 547 1563 650 1615; x_wconf 88' lang='lat' dir='ltr'>vestris</span> <span class='ocrx_word' id='word_1_187' title='bbox 667 1562 762 1632; x_wconf 89' lang='lat' dir='ltr'>pravis</span> <span class='ocrx_word' id='word_1_188' title='bbox 781 1562 987 1632; x_wconf 85' lang='lat' dir='ltr'>cupiditatibus</span> <span class='ocrx_word' id='word_1_189' title='bbox 1010 1567 1039 1616; x_wconf 90' lang='lat' dir='ltr'>et</span> <span class='ocrx_word' id='word_1_190' title='bbox 1059 1561 1294 1633; x_wconf 87' lang='lat' dir='ltr'>cogitationibus,</span> 
     </span>
     <span class='ocr_line' id='line_1_20' title="bbox 121 1629 1294 1709; baseline 0.003 -29"><span class='ocrx_word' id='word_1_191' title='bbox 121 1646 174 1698; x_wconf 92' lang='lat' dir='ltr'>quo</span> <span class='ocrx_word' id='word_1_192' title='bbox 186 1629 308 1709; x_wconf 90' lang='lat' dir='ltr'>possitis</span> <span class='ocrx_word' id='word_1_193' title='bbox 320 1629 450 1699; x_wconf 90' lang='lat' dir='ltr'>primam,</span> <span class='ocrx_word' id='word_1_194' title='bbox 469 1645 541 1698; x_wconf 89' lang='lat' dir='ltr'>quae</span> <span class='ocrx_word' id='word_1_195' title='bbox 562 1629 684 1684; x_wconf 90' lang='lat' dir='ltr'>humano</span> <span class='ocrx_word' id='word_1_196' title='bbox 701 1630 800 1700; x_wconf 87' lang='lat' dir='ltr'>generi</span> <span class='ocrx_word' id='word_1_197' title='bbox 816 1630 924 1684; x_wconf 90' lang='lat' dir='ltr'>tradita</span> <span class='ocrx_word' id='word_1_198' title='bbox 940 1629 1010 1696; x_wconf 83' lang='lat' dir='ltr'>fuit,</span> <span class='ocrx_word' id='word_1_199' title='bbox 1030 1631 1182 1684; x_wconf 88' lang='lat' dir='ltr'>salutarem</span> <span class='ocrx_word' id='word_1_200' title='bbox 1199 1630 1294 1684; x_wconf 89' lang='lat' dir='ltr'>obser-</span> 
     </span>
     <span class='ocr_line' id='line_1_21' title="bbox 121 1695 1292 1768; baseline 0.002 -19"><span class='ocrx_word' id='word_1_201' title='bbox 121 1703 248 1751; x_wconf 79' lang='lat' dir='ltr'>vantiam</span> <span class='ocrx_word' id='word_1_202' title='bbox 259 1713 400 1751; x_wconf 87' lang='lat' dir='ltr'>revocare.</span> <span class='ocrx_word' id='word_1_203' title='bbox 436 1695 483 1750; x_wconf 88' lang='lat' dir='ltr'>Sic</span> <span class='ocrx_word' id='word_1_204' title='bbox 497 1698 572 1750; x_wconf 87' lang='lat' dir='ltr'>enim</span> <span class='ocrx_word' id='word_1_205' title='bbox 584 1697 664 1750; x_wconf 88' lang='lat' dir='ltr'>vobis</span> <span class='ocrx_word' id='word_1_206' title='bbox 678 1697 811 1752; x_wconf 89' lang='lat' dir='ltr'>continuo</span> <span class='ocrx_word' id='word_1_207' title='bbox 825 1699 950 1752; x_wconf 89' lang='lat' dir='ltr'>orientur</span> <span class='ocrx_word' id='word_1_208' title='bbox 959 1697 1035 1752; x_wconf 89' lang='lat' dir='ltr'>bona</span> <span class='ocrx_word' id='word_1_209' title='bbox 1047 1703 1076 1751; x_wconf 90' lang='lat' dir='ltr'>et</span> <span class='ocrx_word' id='word_1_210' title='bbox 1091 1697 1127 1764; x_wconf 89' lang='lat' dir='ltr'>ei,</span> <span class='ocrx_word' id='word_1_211' title='bbox 1141 1699 1189 1768; x_wconf 91' lang='lat' dir='ltr'>qui</span> <span class='ocrx_word' id='word_1_212' title='bbox 1202 1697 1292 1765; x_wconf 90' lang='lat' dir='ltr'>dedit,</span> 
     </span>
     <span class='ocr_line' id='line_1_22' title="bbox 121 1763 1293 1835; baseline 0.002 -17"><span class='ocrx_word' id='word_1_213' title='bbox 121 1782 137 1818; x_wconf 91' lang='lat' dir='ltr'>a</span> <span class='ocrx_word' id='word_1_214' title='bbox 157 1766 214 1818; x_wconf 91' lang='lat' dir='ltr'>ctis</span> <span class='ocrx_word' id='word_1_215' title='bbox 227 1764 337 1835; x_wconf 85' lang='lat' dir='ltr'>gratias</span> <span class='ocrx_word' id='word_1_216' title='bbox 350 1769 486 1834; x_wconf 88' lang='lat' dir='ltr'>perpetuo</span> <span class='ocrx_word' id='word_1_217' title='bbox 500 1763 657 1819; x_wconf 89' lang='lat' dir='ltr'>ineffabilia</span> <span class='ocrx_word' id='word_1_218' title='bbox 668 1764 744 1818; x_wconf 90' lang='lat' dir='ltr'>bona</span> <span class='ocrx_word' id='word_1_219' title='bbox 755 1765 944 1834; x_wconf 88' lang='lat' dir='ltr'>possidentes.</span> <span class='ocrx_word' id='word_1_220' title='bbox 963 1763 1065 1818; x_wconf 86' lang='lat' dir='ltr'>Abluti</span> <span class='ocrx_word' id='word_1_221' title='bbox 1074 1765 1151 1835; x_wconf 91' lang='lat' dir='ltr'>prius</span> <span class='ocrx_word' id='word_1_222' title='bbox 1164 1765 1194 1818; x_wconf 91' lang='lat' dir='ltr'>in</span> <span class='ocrx_word' id='word_1_223' title='bbox 1206 1766 1293 1820; x_wconf 87' lang='lat' dir='ltr'>beata</span> 
     </span>
    </p>

    <p class='ocr_par' dir='ltr' id='par_1_9' title="bbox 145 1831 1292 1903">
     <span class='ocr_line' id='line_1_23' title="bbox 145 1831 1292 1903; baseline 0.002 -19"><span class='ocrx_word' id='word_1_224' title='bbox 145 1832 274 1886; x_wconf 85' lang='lat' dir='ltr'>rinitatis</span> <span class='ocrx_word' id='word_1_225' title='bbox 292 1831 473 1888; x_wconf 87' lang='lat' dir='ltr'>invocatione</span> <span class='ocrx_word' id='word_1_226' title='bbox 490 1849 548 1885; x_wconf 92' lang='lat' dir='ltr'>non</span> <span class='ocrx_word' id='word_1_227' title='bbox 566 1833 656 1886; x_wconf 88' lang='lat' dir='ltr'>solum</span> <span class='ocrx_word' id='word_1_228' title='bbox 674 1832 823 1886; x_wconf 87' lang='lat' dir='ltr'>latitantes</span> <span class='ocrx_word' id='word_1_229' title='bbox 838 1833 867 1886; x_wconf 91' lang='lat' dir='ltr'>in</span> <span class='ocrx_word' id='word_1_230' title='bbox 879 1832 960 1887; x_wconf 89' lang='lat' dir='ltr'>vobis</span> <span class='ocrx_word' id='word_1_231' title='bbox 974 1833 1090 1903; x_wconf 91' lang='lat' dir='ltr'>spiritus</span> <span class='ocrx_word' id='word_1_232' title='bbox 1123 1833 1233 1886; x_wconf 87' lang='lat' dir='ltr'>otcritis</span> <span class='ocrx_word' id='word_1_233' title='bbox 1247 1851 1292 1887; x_wconf 84' lang='lat' dir='ltr'>ex-</span> 
     </span>
    </p>

    <p class='ocr_par' dir='ltr' id='par_1_10' title="bbox 120 1899 1294 2173">
     <span class='ocr_line' id='line_1_24' title="bbox 140 1899 1294 1972; baseline 0 -19"><span class='ocrx_word' id='word_1_234' title='bbox 140 1900 242 1966; x_wconf 88' lang='lat' dir='ltr'>ellere,</span> <span class='ocrx_word' id='word_1_235' title='bbox 261 1899 312 1952; x_wconf 90' lang='lat' dir='ltr'>sed</span> <span class='ocrx_word' id='word_1_236' title='bbox 330 1899 416 1952; x_wconf 90' lang='lat' dir='ltr'>etiam</span> <span class='ocrx_word' id='word_1_237' title='bbox 434 1899 553 1953; x_wconf 90' lang='lat' dir='ltr'>aliorum</span> <span class='ocrx_word' id='word_1_238' title='bbox 569 1900 645 1953; x_wconf 89' lang='lat' dir='ltr'>mala</span> <span class='ocrx_word' id='word_1_239' title='bbox 662 1900 846 1954; x_wconf 89' lang='lat' dir='ltr'>daemoniaca</span> <span class='ocrx_word' id='word_1_240' title='bbox 863 1917 1020 1971; x_wconf 84' lang='lat' dir='ltr'>gravesque</span> <span class='ocrx_word' id='word_1_241' title='bbox 1036 1918 1096 1954; x_wconf 91' lang='lat' dir='ltr'>mor</span> <span class='ocrx_word' id='word_1_242' title='bbox 1117 1917 1148 1954; x_wconf 89' lang='lat' dir='ltr'>os</span> <span class='ocrx_word' id='word_1_243' title='bbox 1161 1901 1294 1972; x_wconf 79' lang='lat' dir='ltr'>abigatis.</span> 
     </span>
     <span class='ocr_line' id='line_1_25' title="bbox 120 1919 1294 2038; baseline 0 -17"><span class='ocrx_word' id='word_1_244' title='bbox 120 1919 198 2031; x_wconf 52' lang='lat' dir='ltr'>duae</span> <span class='ocrx_word' id='word_1_245' title='bbox 216 1983 282 2020; x_wconf 92' lang='lat' dir='ltr'>cum</span> <span class='ocrx_word' id='word_1_246' title='bbox 301 1966 421 2020; x_wconf 86' lang='lat' dir='ltr'>dixisset</span> <span class='ocrx_word' id='word_1_247' title='bbox 438 1983 500 2033; x_wconf 88' lang='lat' dir='ltr'>eos,</span> <span class='ocrx_word' id='word_1_248' title='bbox 522 1968 571 2036; x_wconf 93' lang='lat' dir='ltr'>qui</span> <span class='ocrx_word' id='word_1_249' title='bbox 588 1967 817 2038; x_wconf 88' lang='lat' dir='ltr'>aegritudinibus</span> <span class='ocrx_word' id='word_1_250' title='bbox 838 1967 1027 2035; x_wconf 86' lang='lat' dir='ltr'>vexabantur,</span> <span class='ocrx_word' id='word_1_251' title='bbox 1048 1969 1132 2022; x_wconf 89' lang='lat' dir='ltr'>iussit</span> <span class='ocrx_word' id='word_1_252' title='bbox 1149 1969 1294 2022; x_wconf 85' lang='lat' dir='ltr'>accedere.</span> 
     </span>
     <span class='ocr_line' id='line_1_26' title="bbox 121 2033 1294 2113; baseline 0.003 -26"><span class='ocrx_word' id='word_1_253' title='bbox 121 2035 174 2089; x_wconf 90' lang='lat' dir='ltr'>llle</span> <span class='ocrx_word' id='word_1_254' title='bbox 187 2051 255 2089; x_wconf 88' lang='lat' dir='ltr'>vcro</span> <span class='ocrx_word' id='word_1_255' title='bbox 269 2033 412 2113; x_wconf 90' lang='lat' dir='ltr'>impositis</span> <span class='ocrx_word' id='word_1_256' title='bbox 426 2051 509 2104; x_wconf 91' lang='lat' dir='ltr'>super</span> <span class='ocrx_word' id='word_1_257' title='bbox 523 2051 571 2088; x_wconf 88' lang='lat' dir='ltr'>cos</span> <span class='ocrx_word' id='word_1_258' title='bbox 583 2035 714 2088; x_wconf 87' lang='lat' dir='ltr'>manibus</span> <span class='ocrx_word' id='word_1_259' title='bbox 728 2040 757 2088; x_wconf 90' lang='lat' dir='ltr'>et</span> <span class='ocrx_word' id='word_1_260' title='bbox 773 2041 906 2106; x_wconf 88' lang='lat' dir='ltr'>precatus</span> <span class='ocrx_word' id='word_1_261' title='bbox 920 2053 983 2089; x_wconf 95' lang='lat' dir='ltr'>cum</span> <span class='ocrx_word' id='word_1_262' title='bbox 999 2035 1151 2090; x_wconf 84' lang='lat' dir='ltr'>confestim</span> <span class='ocrx_word' id='word_1_263' title='bbox 1164 2039 1294 2090; x_wconf 88' lang='lat' dir='ltr'>sanasset</span> 
     </span>
     <span class='ocr_line' id='line_1_27' title="bbox 123 2101 739 2173; baseline -0.003 -17"><span class='ocrx_word' id='word_1_264' title='bbox 123 2103 163 2156; x_wconf 89' lang='lat' dir='ltr'>eis</span> <span class='ocrx_word' id='word_1_265' title='bbox 174 2119 280 2173; x_wconf 90' lang='lat' dir='ltr'>praece</span> <span class='ocrx_word' id='word_1_266' title='bbox 303 2107 335 2168; x_wconf 83' lang='lat' dir='ltr'>rt,</span> <span class='ocrx_word' id='word_1_267' title='bbox 349 2107 382 2154; x_wconf 92' lang='lat' dir='ltr'>ut</span> <span class='ocrx_word' id='word_1_268' title='bbox 394 2101 493 2156; x_wconf 88' lang='lat' dir='ltr'>maiori</span> <span class='ocrx_word' id='word_1_269' title='bbox 506 2119 588 2156; x_wconf 92' lang='lat' dir='ltr'>mane</span> <span class='ocrx_word' id='word_1_270' title='bbox 600 2102 739 2156; x_wconf 88' lang='lat' dir='ltr'>venirent.</span> 
     </span>
    </p>

    <p class='ocr_par' dir='ltr' id='par_1_11' title="bbox 122 2168 1294 2318">
     <span class='ocr_line' id='line_1_28' title="bbox 186 2168 1294 2226; baseline 0.004 -4"><span class='ocrx_word' id='word_1_271' title='bbox 186 2169 270 2224; x_wconf 89' lang='lat' dir='ltr'>LXV</span> <span class='ocrx_word' id='word_1_272' title='bbox 303 2211 308 2220; x_wconf 93' lang='lat'>.</span> <span class='ocrx_word' id='word_1_273' title='bbox 346 2168 444 2222; x_wconf 90' lang='lat' dir='ltr'>Tertio</span> <span class='ocrx_word' id='word_1_274' title='bbox 457 2177 552 2223; x_wconf 91' lang='lat' dir='ltr'>autern</span> <span class='ocrx_word' id='word_1_275' title='bbox 565 2169 611 2223; x_wconf 92' lang='lat' dir='ltr'>die</span> <span class='ocrx_word' id='word_1_276' title='bbox 621 2169 725 2223; x_wconf 88' lang='lat' dir='ltr'>&#39;Petrus</span> <span class='ocrx_word' id='word_1_277' title='bbox 739 2187 754 2224; x_wconf 90' lang='lat' dir='ltr'>e</span> <span class='ocrx_word' id='word_1_278' title='bbox 768 2187 863 2225; x_wconf 91' lang='lat' dir='ltr'>somno</span> <span class='ocrx_word' id='word_1_279' title='bbox 880 2169 1017 2224; x_wconf 92' lang='lat' dir='ltr'>maturius</span> <span class='ocrx_word' id='word_1_280' title='bbox 1036 2169 1294 2226; x_wconf 81' lang='lat' dir='ltr'>suscitatus&#39;facta-</span> 
     </span>
     <span class='ocr_line' id='line_1_29' title="bbox 122 2235 1294 2318; baseline 0.002 -28"><span class='ocrx_word' id='word_1_281' title='bbox 122 2253 173 2306; x_wconf 88' lang='lat' dir='ltr'>que</span> <span class='ocrx_word' id='word_1_282' title='bbox 189 2253 276 2316; x_wconf 75' lang='lat' dir='ltr'>prece</span> <span class='ocrx_word' id='word_1_283' title='bbox 293 2235 384 2304; x_wconf 79' lang='lat' dir='ltr'>sedit3</span> <span class='ocrx_word' id='word_1_284' title='bbox 406 2242 435 2290; x_wconf 89' lang='lat' dir='ltr'>et</span> <span class='ocrx_word' id='word_1_285' title='bbox 456 2237 685 2291; x_wconf 87' lang='lat' dir='ltr'>animadvertens</span> <span class='ocrx_word' id='word_1_286' title='bbox 703 2255 755 2292; x_wconf 90' lang='lat' dir='ltr'>nos</span> <span class='ocrx_word' id='word_1_287' title='bbox 779 2239 985 2292; x_wconf 87' lang='lat' dir='ltr'>circumsedere</span> <span class='ocrx_word' id='word_1_288' title='bbox 1003 2237 1150 2318; x_wconf 90' lang='lat' dir='ltr'>oculisque</span> <span class='ocrx_word' id='word_1_289' title='bbox 1173 2238 1294 2292; x_wconf 89' lang='lat' dir='ltr'>intentis</span> 
     </span>
    </p>
   </div>
   <div class='ocr_carea' id='block_1_7' title="bbox 18 2303 1294 2384">
    <p class='ocr_par' dir='ltr' id='par_1_12' title="bbox 18 2303 1294 2384">
     <span class='ocr_line' id='line_1_30' title="bbox 18 2303 1294 2384; baseline 0 -26"><span class='ocrx_word' id='word_1_290' title='bbox 18 2343 19 2346; x_wconf 17' lang='grc' dir='ltr'>η</span> <span class='ocrx_word' id='word_1_291' title='bbox 122 2321 182 2358; x_wconf 89' lang='lat' dir='ltr'>eum</span> <span class='ocrx_word' id='word_1_292' title='bbox 194 2323 226 2358; x_wconf 87' lang='lat' dir='ltr'>aa</span> <span class='ocrx_word' id='word_1_293' title='bbox 250 2321 327 2358; x_wconf 82' lang='lat' dir='ltr'>rcere</span> <span class='ocrx_word' id='word_1_294' title='bbox 341 2303 422 2374; x_wconf 88' lang='lat' dir='ltr'>quasi</span> <span class='ocrx_word' id='word_1_295' title='bbox 434 2305 473 2358; x_wconf 92' lang='lat' dir='ltr'>ali</span> <span class='ocrx_word' id='word_1_296' title='bbox 494 2304 654 2358; x_wconf 82' lang='lat' dir='ltr'>uid-audire</span> <span class='ocrx_word' id='word_1_297' title='bbox 673 2306 822 2374; x_wconf 90' lang='lat' dir='ltr'>cupientes</span> <span class='ocrx_word' id='word_1_298' title='bbox 842 2305 927 2358; x_wconf 83' lang='lat' dir='ltr'>dixit:</span> <span class='ocrx_word' id='word_1_299' title='bbox 946 2305 1023 2358; x_wconf 89' lang='lat' dir='ltr'>Ante</span> <span class='ocrx_word' id='word_1_300' title='bbox 1040 2322 1149 2370; x_wconf 87' lang='lat' dir='ltr'>omma,</span> <span class='ocrx_word' id='word_1_301' title='bbox 1165 2322 1182 2358; x_wconf 92' lang='lat' dir='ltr'>o</span> <span class='ocrx_word' id='word_1_302' title='bbox 1198 2305 1294 2384; x_wconf 34' lang='lat' dir='ltr'>amic-i,</span> 
     </span>
    </p>
   </div>
   <div class='ocr_carea' id='block_1_8' title="bbox 121 2371 1294 2644">
    <p class='ocr_par' dir='ltr' id='par_1_13' title="bbox 121 2371 1294 2644">
     <span class='ocr_line' id='line_1_31' title="bbox 122 2371 1293 2442; baseline -0.001 -18"><span class='ocrx_word' id='word_1_303' title='bbox 122 2371 209 2442; x_wconf 90' lang='lat' dir='ltr'>isqui</span> <span class='ocrx_word' id='word_1_304' title='bbox 257 2389 321 2425; x_wconf 89' lang='lat' dir='ltr'>eum</span> <span class='ocrx_word' id='word_1_305' title='bbox 338 2371 431 2426; x_wconf 83' lang='lat' dir='ltr'>colere</span> <span class='ocrx_word' id='word_1_306' title='bbox 492 2377 518 2439; x_wconf 89' lang='lat' dir='ltr'>t,</span> <span class='ocrx_word' id='word_1_307' title='bbox 539 2373 611 2426; x_wconf 89' lang='lat' dir='ltr'>scire</span> <span class='ocrx_word' id='word_1_308' title='bbox 625 2371 723 2438; x_wconf 89' lang='lat' dir='ltr'>debet,</span> <span class='ocrx_word' id='word_1_309' title='bbox 742 2371 818 2441; x_wconf 93' lang='lat' dir='ltr'>quod</span> <span class='ocrx_word' id='word_1_310' title='bbox 833 2389 906 2424; x_wconf 89' lang='lat' dir='ltr'>unus</span> <span class='ocrx_word' id='word_1_311' title='bbox 918 2372 999 2426; x_wconf 91' lang='lat' dir='ltr'>Deus</span> <span class='ocrx_word' id='word_1_312' title='bbox 1017 2372 1048 2424; x_wconf 92' lang='lat' dir='ltr'>in</span> <span class='ocrx_word' id='word_1_313' title='bbox 1059 2371 1151 2425; x_wconf 91' lang='lat' dir='ltr'>tribus</span> <span class='ocrx_word' id='word_1_314' title='bbox 1163 2387 1293 2440; x_wconf 90' lang='lat' dir='ltr'>persoms</span> 
     </span>
     <span class='ocr_line' id='line_1_32' title="bbox 122 2438 1293 2518; baseline -0.002 -26"><span class='ocrx_word' id='word_1_315' title='bbox 122 2439 317 2510; x_wconf 78' lang='lat' dir='ltr'>cognoscitur3</span> <span class='ocrx_word' id='word_1_316' title='bbox 337 2439 480 2518; x_wconf 89' lang='lat' dir='ltr'>proprium</span> <span class='ocrx_word' id='word_1_317' title='bbox 496 2445 591 2494; x_wconf 90' lang='lat' dir='ltr'>autem</span> <span class='ocrx_word' id='word_1_318' title='bbox 613 2439 693 2492; x_wconf 86' lang='lat' dir='ltr'>illius</span> <span class='ocrx_word' id='word_1_319' title='bbox 711 2456 746 2493; x_wconf 90' lang='lat' dir='ltr'>ac</span> <span class='ocrx_word' id='word_1_320' title='bbox 761 2439 943 2508; x_wconf 88' lang='lat' dir='ltr'>praecipuum</span> <span class='ocrx_word' id='word_1_321' title='bbox 962 2444 1020 2505; x_wconf 91' lang='lat' dir='ltr'>est,</span> <span class='ocrx_word' id='word_1_322' title='bbox 1042 2438 1167 2492; x_wconf 92' lang='lat' dir='ltr'>omnium</span> <span class='ocrx_word' id='word_1_323' title='bbox 1184 2443 1293 2492; x_wconf 89' lang='lat' dir='ltr'>creatu-</span> 
     </span>
     <span class='ocr_line' id='line_1_33' title="bbox 121 2505 1294 2574; baseline 0.001 -16"><span class='ocrx_word' id='word_1_324' title='bbox 121 2524 210 2560; x_wconf 88' lang='lat' dir='ltr'>rarum</span> <span class='ocrx_word' id='word_1_325' title='bbox 224 2523 288 2560; x_wconf 87' lang='lat' dir='ltr'>esse</span> <span class='ocrx_word' id='word_1_326' title='bbox 301 2523 317 2560; x_wconf 97' lang='lat' dir='ltr'>o</span> <span class='ocrx_word' id='word_1_327' title='bbox 339 2505 441 2574; x_wconf 85' lang='lat' dir='ltr'>rfieem,</span> <span class='ocrx_word' id='word_1_328' title='bbox 455 2507 549 2562; x_wconf 92' lang='lat' dir='ltr'>omnia</span> <span class='ocrx_word' id='word_1_329' title='bbox 561 2508 717 2573; x_wconf 90' lang='lat' dir='ltr'>continere,</span> <span class='ocrx_word' id='word_1_330' title='bbox 730 2506 824 2560; x_wconf 89' lang='lat' dir='ltr'>omnia</span> <span class='ocrx_word' id='word_1_331' title='bbox 832 2505 993 2572; x_wconf 86' lang='lat' dir='ltr'>terminare,</span> <span class='ocrx_word' id='word_1_332' title='bbox 1004 2510 1037 2558; x_wconf 92' lang='lat' dir='ltr'>ut</span> <span class='ocrx_word' id='word_1_333' title='bbox 1048 2505 1096 2574; x_wconf 92' lang='lat' dir='ltr'>qui</span> <span class='ocrx_word' id='word_1_334' title='bbox 1106 2520 1190 2574; x_wconf 91' lang='lat' dir='ltr'>super</span> <span class='ocrx_word' id='word_1_335' title='bbox 1199 2505 1294 2559; x_wconf 88' lang='lat' dir='ltr'>omnia</span> 
     </span>
     <span class='ocr_line' id='line_1_34' title="bbox 122 2571 1293 2644; baseline 0 -18"><span class='ocrx_word' id='word_1_336' title='bbox 122 2575 158 2627; x_wconf 91' lang='lat' dir='ltr'>sit</span> <span class='ocrx_word' id='word_1_337' title='bbox 170 2580 277 2628; x_wconf 86' lang='lat' dir='ltr'>cuncta</span> <span class='ocrx_word' id='word_1_338' title='bbox 290 2590 304 2627; x_wconf 87' lang='lat' dir='ltr'>c</span> <span class='ocrx_word' id='word_1_339' title='bbox 330 2574 424 2628; x_wconf 90' lang='lat' dir='ltr'>ecerit.</span> <span class='ocrx_word' id='word_1_340' title='bbox 455 2575 564 2639; x_wconf 78' lang='lat' dir='ltr'>Quibus</span> <span class='ocrx_word' id='word_1_341' title='bbox 577 2575 673 2640; x_wconf 88' lang='lat' dir='ltr'>dictis,</span> <span class='ocrx_word' id='word_1_342' title='bbox 686 2573 839 2643; x_wconf 88' lang='lat' dir='ltr'>multisque</span> <span class='ocrx_word' id='word_1_343' title='bbox 852 2573 887 2626; x_wconf 92' lang='lat' dir='ltr'>de</span> <span class='ocrx_word' id='word_1_344' title='bbox 899 2573 1014 2642; x_wconf 88' lang='lat' dir='ltr'>pictate</span> <span class='ocrx_word' id='word_1_345' title='bbox 1022 2589 1091 2644; x_wconf 83' lang='lat' dir='ltr'>erga</span> <span class='ocrx_word' id='word_1_346' title='bbox 1102 2571 1196 2624; x_wconf 91' lang='lat' dir='ltr'>Deum</span> <span class='ocrx_word' id='word_1_347' title='bbox 1209 2589 1293 2642; x_wconf 84' lang='lat' dir='ltr'>expo-</span> 
     </span>
    </p>
   </div>
   <div class='ocr_carea' id='block_1_9' title="bbox 18 2639 1293 2781">
    <p class='ocr_par' dir='ltr' id='par_1_14' title="bbox 18 2639 1293 2784">
     <span class='ocr_line' id='line_1_35' title="bbox 18 2639 1293 2711; baseline -0.002 -18"><span class='ocrx_word' id='word_1_348' title='bbox 18 2677 19 2684; x_wconf 46' lang='lat'>.</span> <span class='ocrx_word' id='word_1_349' title='bbox 122 2641 183 2694; x_wconf 87' lang='lat' dir='ltr'>sitis</span> <span class='ocrx_word' id='word_1_350' title='bbox 196 2642 289 2694; x_wconf 90' lang='lat' dir='ltr'>iussit·</span> <span class='ocrx_word' id='word_1_351' title='bbox 300 2642 498 2696; x_wconf 87' lang='lat' dir='ltr'>daemoniacos</span> <span class='ocrx_word' id='word_1_352' title='bbox 516 2649 546 2696; x_wconf 90' lang='lat' dir='ltr'>et</span> <span class='ocrx_word' id='word_1_353' title='bbox 561 2642 666 2697; x_wconf 90' lang='lat' dir='ltr'>morbis</span> <span class='ocrx_word' id='word_1_354' title='bbox 683 2647 837 2711; x_wconf 86' lang='lat' dir='ltr'>occupatos</span> <span class='ocrx_word' id='word_1_355' title='bbox 849 2640 886 2694; x_wconf 90' lang='lat' dir='ltr'>ad</span> <span class='ocrx_word' id='word_1_356' title='bbox 899 2657 929 2694; x_wconf 88' lang='lat' dir='ltr'>se</span> <span class='ocrx_word' id='word_1_357' title='bbox 941 2639 1058 2707; x_wconf 90' lang='lat' dir='ltr'>adduci,</span> <span class='ocrx_word' id='word_1_358' title='bbox 1073 2639 1174 2710; x_wconf 92' lang='lat' dir='ltr'>quibus</span> <span class='ocrx_word' id='word_1_359' title='bbox 1187 2639 1293 2693; x_wconf 88' lang='lat' dir='ltr'>oblatis</span> 
     </span>
     <span class='ocr_line' id='line_1_36' title="bbox 121 2707 932 2781; baseline -0.005 -18.563"><span class='ocrx_word' id='word_1_360' title='bbox 121 2727 219 2764; x_wconf 90' lang='lat' dir='ltr'>manus</span> <span class='ocrx_word' id='word_1_361' title='bbox 234 2709 272 2762; x_wconf 91' lang='lat' dir='ltr'>im</span> <span class='ocrx_word' id='word_1_362' title='bbox 294 2725 382 2763; x_wconf 88' lang='lat' dir='ltr'>onens</span> <span class='ocrx_word' id='word_1_363' title='bbox 395 2727 429 2764; x_wconf 90' lang='lat' dir='ltr'>ac</span> <span class='ocrx_word' id='word_1_364' title='bbox 441 2717 573 2781; x_wconf 88' lang='lat' dir='ltr'>precatus</span> <span class='ocrx_word' id='word_1_365' title='bbox 586 2711 742 2766; x_wconf 90' lang='lat' dir='ltr'>incolumes</span> <span class='ocrx_word' id='word_1_366' title='bbox 755 2726 803 2763; x_wconf 91' lang='lat' dir='ltr'>eos</span> <span class='ocrx_word' id='word_1_367' title='bbox 816 2707 932 2762; x_wconf 89' lang='lat' dir='ltr'>dimisit.</span> 
     </span>
    </p>
   </div>
   <div class='ocr_carea' id='block_1_10' title="bbox 119 2775 1295 3455">
    <p class='ocr_par' dir='ltr' id='par_1_15' title="bbox 119 2775 1295 3186">
     <span class='ocr_line' id='line_1_37' title="bbox 188 2775 1293 2849; baseline -0.003 -21"><span class='ocrx_word' id='word_1_368' title='bbox 188 2775 246 2828; x_wconf 92' lang='lat' dir='ltr'>LX</span> <span class='ocrx_word' id='word_1_369' title='bbox 291 2776 328 2830; x_wconf 93' lang='grc' dir='ltr'>ΙΙ.</span> <span class='ocrx_word' id='word_1_370' title='bbox 350 2777 455 2840; x_wconf 80' lang='lat' dir='ltr'>Quarto</span> <span class='ocrx_word' id='word_1_371' title='bbox 466 2795 533 2849; x_wconf 81' lang='lat' dir='ltr'>ergo</span> <span class='ocrx_word' id='word_1_372' title='bbox 546 2778 592 2831; x_wconf 93' lang='lat' dir='ltr'>die</span> <span class='ocrx_word' id='word_1_373' title='bbox 604 2778 706 2831; x_wconf 86' lang='lat' dir='ltr'>Petrus</span> <span class='ocrx_word' id='word_1_374' title='bbox 719 2777 831 2847; x_wconf 90' lang='lat' dir='ltr'>Tripoli</span> <span class='ocrx_word' id='word_1_375' title='bbox 844 2794 890 2829; x_wconf 88' lang='lat' dir='ltr'>sur</span> <span class='ocrx_word' id='word_1_376' title='bbox 912 2793 962 2830; x_wconf 91' lang='lat' dir='ltr'>ens</span> <span class='ocrx_word' id='word_1_377' title='bbox 973 2779 1001 2829; x_wconf 89' lang='lat' dir='ltr'>et</span> <span class='ocrx_word' id='word_1_378' title='bbox 1012 2779 1216 2844; x_wconf 89' lang='lat' dir='ltr'>comprecatus,</span> <span class='ocrx_word' id='word_1_379' title='bbox 1230 2790 1293 2826; x_wconf 92' lang='lat' dir='ltr'>cum</span> 
     </span>
     <span class='ocr_line' id='line_1_38' title="bbox 121 2793 1292 2916; baseline -0.002 -19"><span class='ocrx_word' id='word_1_380' title='bbox 121 2845 224 2899; x_wconf 89' lang='lat' dir='ltr'>deinde</span> <span class='ocrx_word' id='word_1_381' title='bbox 239 2843 389 2898; x_wconf 89' lang='lat' dir='ltr'>nobiscum</span> <span class='ocrx_word' id='word_1_382' title='bbox 400 2845 530 2911; x_wconf 89' lang='lat' dir='ltr'>sedisset,</span> <span class='ocrx_word' id='word_1_383' title='bbox 544 2845 619 2898; x_wconf 90' lang='lat' dir='ltr'>hunc</span> <span class='ocrx_word' id='word_1_384' title='bbox 629 2845 659 2898; x_wconf 92' lang='lat' dir='ltr'>in</span> <span class='ocrx_word' id='word_1_385' title='bbox 667 2845 780 2899; x_wconf 92' lang='lat' dir='ltr'>modum</span> <span class='ocrx_word' id='word_1_386' title='bbox 791 2793 986 2916; x_wconf 62' lang='lat' dir='ltr'>coepitioqui:</span> <span class='ocrx_word' id='word_1_387' title='bbox 1001 2843 1055 2907; x_wconf 78' lang='lat' dir='ltr'>Qui</span> <span class='ocrx_word' id='word_1_388' title='bbox 1065 2841 1202 2896; x_wconf 91' lang='lat' dir='ltr'>adDeum</span> <span class='ocrx_word' id='word_1_389' title='bbox 1212 2857 1292 2895; x_wconf 90' lang='lat' dir='ltr'>aoce-</span> 
     </span>
     <span class='ocr_line' id='line_1_39' title="bbox 122 2909 1293 2982; baseline -0.002 -16"><span class='ocrx_word' id='word_1_390' title='bbox 122 2913 186 2966; x_wconf 89' lang='lat' dir='ltr'>dere</span> <span class='ocrx_word' id='word_1_391' title='bbox 200 2911 356 2978; x_wconf 87' lang='lat' dir='ltr'>desiderat,</span> <span class='ocrx_word' id='word_1_392' title='bbox 370 2912 480 2966; x_wconf 90' lang='lat' dir='ltr'>sobrius</span> <span class='ocrx_word' id='word_1_393' title='bbox 493 2929 556 2971; x_wconf 87' lang='lat' dir='ltr'>esse</span> <span class='ocrx_word' id='word_1_394' title='bbox 569 2913 664 2979; x_wconf 89' lang='lat' dir='ltr'>debet,</span> <span class='ocrx_word' id='word_1_395' title='bbox 679 2913 733 2967; x_wconf 90' lang='lat' dir='ltr'>sibi</span> <span class='ocrx_word' id='word_1_396' title='bbox 746 2919 913 2982; x_wconf 86' lang='lat' dir='ltr'>temperare,</span> <span class='ocrx_word' id='word_1_397' title='bbox 927 2913 997 2966; x_wconf 89' lang='lat' dir='ltr'>iram</span> <span class='ocrx_word' id='word_1_398' title='bbox 1008 2918 1115 2977; x_wconf 90' lang='lat' dir='ltr'>tenere,</span> <span class='ocrx_word' id='word_1_399' title='bbox 1128 2909 1224 2965; x_wconf 89' lang='lat' dir='ltr'>aliena</span> <span class='ocrx_word' id='word_1_400' title='bbox 1235 2927 1293 2964; x_wconf 89' lang='lat' dir='ltr'>non</span> 
     </span>
     <span class='ocr_line' id='line_1_40' title="bbox 121 2977 1292 3050; baseline -0.003 -17"><span class='ocrx_word' id='word_1_401' title='bbox 121 2980 270 3050; x_wconf 86' lang='lat' dir='ltr'>surripere,</span> <span class='ocrx_word' id='word_1_402' title='bbox 284 2979 359 3034; x_wconf 89' lang='lat' dir='ltr'>iuste</span> <span class='ocrx_word' id='word_1_403' title='bbox 371 2979 475 3046; x_wconf 86' lang='lat' dir='ltr'>vivere,</span> <span class='ocrx_word' id='word_1_404' title='bbox 489 2997 552 3033; x_wconf 90' lang='lat' dir='ltr'>cum</span> <span class='ocrx_word' id='word_1_405' title='bbox 563 2980 639 3034; x_wconf 92' lang='lat' dir='ltr'>bono</span> <span class='ocrx_word' id='word_1_406' title='bbox 651 2981 720 3048; x_wconf 89' lang='lat' dir='ltr'>iure,</span> <span class='ocrx_word' id='word_1_407' title='bbox 733 2981 902 3050; x_wconf 91' lang='lat' dir='ltr'>tranquille,</span> <span class='ocrx_word' id='word_1_408' title='bbox 916 2979 1030 3046; x_wconf 87' lang='lat' dir='ltr'>leniter,</span> <span class='ocrx_word' id='word_1_409' title='bbox 1045 2995 1075 3032; x_wconf 89' lang='lat' dir='ltr'>se</span> <span class='ocrx_word' id='word_1_410' title='bbox 1088 2977 1190 3032; x_wconf 90' lang='lat' dir='ltr'>in-indi</span> <span class='ocrx_word' id='word_1_411' title='bbox 1214 2977 1292 3032; x_wconf 90' lang='lat' dir='ltr'>entia</span> 
     </span>
     <span class='ocr_line' id='line_1_41' title="bbox 119 3045 1293 3118; baseline -0.005 -16"><span class='ocrx_word' id='word_1_412' title='bbox 119 3047 215 3118; x_wconf 91' lang='lat' dir='ltr'>potius</span> <span class='ocrx_word' id='word_1_413' title='bbox 229 3047 375 3101; x_wconf 90' lang='lat' dir='ltr'>continere</span> <span class='ocrx_word' id='word_1_414' title='bbox 389 3064 422 3102; x_wconf 88' lang='lat' dir='ltr'>ac</span> <span class='ocrx_word' id='word_1_415' title='bbox 434 3047 585 3117; x_wconf 88' lang='lat' dir='ltr'>reprimere</span> <span class='ocrx_word' id='word_1_416' title='bbox 599 3065 683 3117; x_wconf 89' lang='lat' dir='ltr'>quam</span> <span class='ocrx_word' id='word_1_417' title='bbox 695 3067 758 3102; x_wconf 90' lang='lat' dir='ltr'>oum</span> <span class='ocrx_word' id='word_1_418' title='bbox 770 3066 827 3102; x_wconf 90' lang='lat' dir='ltr'>non</span> <span class='ocrx_word' id='word_1_419' title='bbox 838 3047 944 3102; x_wconf 88' lang='lat' dir='ltr'>habeat</span> <span class='ocrx_word' id='word_1_420' title='bbox 962 3048 1079 3101; x_wconf 89' lang='lat' dir='ltr'>alterius</span> <span class='ocrx_word' id='word_1_421' title='bbox 1091 3046 1174 3100; x_wconf 90' lang='lat' dir='ltr'>bonis</span> <span class='ocrx_word' id='word_1_422' title='bbox 1187 3063 1204 3099; x_wconf 88' lang='lat' dir='ltr'>a</span> <span class='ocrx_word' id='word_1_423' title='bbox 1225 3045 1293 3100; x_wconf 88' lang='lat' dir='ltr'>latis</span> 
     </span>
     <span class='ocr_line' id='line_1_42' title="bbox 120 3112 1295 3186; baseline -0.003 -17"><span class='ocrx_word' id='word_1_424' title='bbox 120 3115 238 3186; x_wconf 85' lang='lat' dir='ltr'>expleri,</span> <span class='ocrx_word' id='word_1_425' title='bbox 252 3114 336 3169; x_wconf 86' lang='lat' dir='ltr'>corde</span> <span class='ocrx_word' id='word_1_426' title='bbox 348 3115 469 3168; x_wconf 91' lang='lat' dir='ltr'>mundus</span> <span class='ocrx_word' id='word_1_427' title='bbox 482 3131 545 3168; x_wconf 90' lang='lat' dir='ltr'>esse</span> <span class='ocrx_word' id='word_1_428' title='bbox 559 3121 588 3169; x_wconf 91' lang='lat' dir='ltr'>et</span> <span class='ocrx_word' id='word_1_429' title='bbox 619 3134 686 3168; x_wconf 88' lang='lat' dir='ltr'>urus</span> <span class='ocrx_word' id='word_1_430' title='bbox 699 3133 814 3186; x_wconf 87' lang='lat' dir='ltr'>corpore</span> <span class='ocrx_word' id='word_1_431' title='bbox 826 3133 879 3169; x_wconf 89' lang='lat' dir='ltr'>nec</span> <span class='ocrx_word' id='word_1_432' title='bbox 897 3115 1049 3168; x_wconf 86' lang='lat' dir='ltr'>assimilari</span> <span class='ocrx_word' id='word_1_433' title='bbox 1061 3114 1239 3180; x_wconf 88' lang='lat' dir='ltr'>Pharisaeis,</span> <span class='ocrx_word' id='word_1_434' title='bbox 1257 3112 1295 3167; x_wconf 91' lang='lat' dir='ltr'>ad</span> 
     </span>
    </p>

    <p class='ocr_par' dir='ltr' id='par_1_16' title="bbox 120 3135 1294 3455">
     <span class='ocr_line' id='line_1_43' title="bbox 137 3135 1294 3238; baseline -0.003 -2"><span class='ocrx_word' id='word_1_435' title='bbox 137 3199 190 3236; x_wconf 90' lang='lat' dir='ltr'>uos</span> <span class='ocrx_word' id='word_1_436' title='bbox 205 3182 337 3236; x_wconf 89' lang='lat' dir='ltr'>dominus</span> <span class='ocrx_word' id='word_1_437' title='bbox 350 3188 379 3236; x_wconf 85' lang='lat' dir='ltr'>et</span> <span class='ocrx_word' id='word_1_438' title='bbox 394 3181 475 3238; x_wconf 89' lang='lat' dir='ltr'>Deus</span> <span class='ocrx_word' id='word_1_439' title='bbox 491 3187 589 3237; x_wconf 86' lang='lat' dir='ltr'>noster</span> <span class='ocrx_word' id='word_1_440' title='bbox 600 3135 685 3237; x_wconf 73' lang='lat' dir='ltr'>Iesus</span> <span class='ocrx_word' id='word_1_441' title='bbox 702 3182 833 3236; x_wconf 83' lang='lat' dir='ltr'>Christus</span> <span class='ocrx_word' id='word_1_442' title='bbox 851 3182 939 3236; x_wconf 90' lang='lat' dir='ltr'>dicit:</span> <span class='ocrx_word' id='word_1_443' title='bbox 971 3185 1025 3235; x_wconf 82' lang='lat' dir='ltr'>Vae</span> <span class='ocrx_word' id='word_1_444' title='bbox 1042 3183 1117 3234; x_wconf 84' lang='lat' dir='ltr'>vobis</span> <span class='ocrx_word' id='word_1_445' title='bbox 1135 3183 1251 3236; x_wconf 77' lang='lat' dir='ltr'>Scribas</span> <span class='ocrx_word' id='word_1_446' title='bbox 1269 3189 1294 3234; x_wconf 90' lang='grc'>11</span> 
     </span>
     <span class='ocr_line' id='line_1_44' title="bbox 145 3249 1293 3320; baseline -0.005 -16"><span class='ocrx_word' id='word_1_447' title='bbox 145 3251 275 3304; x_wconf 80' lang='lat' dir='ltr'>barisaei</span> <span class='ocrx_word' id='word_1_448' title='bbox 284 3251 455 3320; x_wconf 73' lang='lat' dir='ltr'>hypocritae,</span> <span class='ocrx_word' id='word_1_449' title='bbox 469 3251 536 3319; x_wconf 82' lang='lat' dir='ltr'>qaia</span> <span class='ocrx_word' id='word_1_450' title='bbox 549 3252 690 3304; x_wconf 78' lang='lat' dir='ltr'>mandatis</span> <span class='ocrx_word' id='word_1_451' title='bbox 702 3251 799 3303; x_wconf 84' lang='lat' dir='ltr'>calicis</span> <span class='ocrx_word' id='word_1_452' title='bbox 811 3258 836 3302; x_wconf 88' lang='grc'>11</span> <span class='ocrx_word' id='word_1_453' title='bbox 846 3249 1012 3318; x_wconf 78' lang='lat' dir='ltr'>paropsidis</span> <span class='ocrx_word' id='word_1_454' title='bbox 1028 3250 1102 3315; x_wconf 82' lang='lat' dir='ltr'>qaod</span> <span class='ocrx_word' id='word_1_455' title='bbox 1117 3249 1234 3300; x_wconf 80' lang='lat' dir='ltr'>caterius</span> <span class='ocrx_word' id='word_1_456' title='bbox 1247 3255 1293 3312; x_wconf 82' lang='lat' dir='ltr'>ast,</span> 
     </span>
     <span class='ocr_line' id='line_1_45' title="bbox 120 3313 1294 3399; baseline -0.005 -29"><span class='ocrx_word' id='word_1_457' title='bbox 120 3319 193 3372; x_wconf 82' lang='lat' dir='ltr'>intas</span> <span class='ocrx_word' id='word_1_458' title='bbox 205 3327 298 3371; x_wconf 85' lang='lat' dir='ltr'>autem</span> <span class='ocrx_word' id='word_1_459' title='bbox 310 3335 343 3370; x_wconf 80' lang='lat' dir='ltr'>aa</span> <span class='ocrx_word' id='word_1_460' title='bbox 351 3319 437 3399; x_wconf 77' lang='lat' dir='ltr'>piena</span> <span class='ocrx_word' id='word_1_461' title='bbox 449 3326 513 3371; x_wconf 82' lang='grc'><strong>1111</strong></span> <span class='ocrx_word' id='word_1_462' title='bbox 524 3319 671 3386; x_wconf 78' lang='lat' dir='ltr'>squaloris.</span> <span class='ocrx_word' id='word_1_463' title='bbox 707 3317 861 3370; x_wconf 71' lang='lat' dir='ltr'>Pisarissos</span> <span class='ocrx_word' id='word_1_464' title='bbox 874 3333 964 3381; x_wconf 84' lang='lat' dir='ltr'>caece,</span> <span class='ocrx_word' id='word_1_465' title='bbox 981 3315 1086 3366; x_wconf 77' lang='lat' dir='ltr'>aranda</span> <span class='ocrx_word' id='word_1_466' title='bbox 1097 3315 1180 3381; x_wconf 79' lang='lat' dir='ltr'>prius</span> <span class='ocrx_word' id='word_1_467' title='bbox 1196 3313 1294 3366; x_wconf 81' lang='lat' dir='ltr'>calicis</span> 
     </span>
     <span class='ocr_line' id='line_1_46' title="bbox 121 3378 1293 3455; baseline -0.007 -17"><span class='ocrx_word' id='word_1_468' title='bbox 121 3394 144 3438; x_wconf 90' lang='grc'>11</span> <span class='ocrx_word' id='word_1_469' title='bbox 159 3385 329 3455; x_wconf 81' lang='lat' dir='ltr'>paropsidis</span> <span class='ocrx_word' id='word_1_470' title='bbox 344 3386 470 3452; x_wconf 70' lang='grc'><strong>11111111,</strong></span> <span class='ocrx_word' id='word_1_471' title='bbox 489 3393 518 3438; x_wconf 83' lang='lat' dir='ltr'>ai</span> <span class='ocrx_word' id='word_1_472' title='bbox 538 3394 563 3438; x_wconf 85' lang='grc'>11</span> <span class='ocrx_word' id='word_1_473' title='bbox 582 3385 660 3438; x_wconf 83' lang='lat' dir='ltr'>illias</span> <span class='ocrx_word' id='word_1_474' title='bbox 676 3383 793 3437; x_wconf 80' lang='lat' dir='ltr'>asterius</span> <span class='ocrx_word' id='word_1_475' title='bbox 808 3382 939 3434; x_wconf 76' lang='lat' dir='ltr'>maasiam</span> <span class='ocrx_word' id='word_1_476' title='bbox 953 3381 1016 3448; x_wconf 79' lang='lat' dir='ltr'>flat.</span> <span class='ocrx_word' id='word_1_477' title='bbox 1051 3379 1089 3430; x_wconf 87' lang='lat' dir='ltr'>Et</span> <span class='ocrx_word' id='word_1_478' title='bbox 1110 3393 1184 3430; x_wconf 87' lang='lat' dir='ltr'>vere.</span> <span class='ocrx_word' id='word_1_479' title='bbox 1219 3378 1293 3432; x_wconf 89' lang='lat' dir='ltr'>Nam</span> 
     </span>
    </p>
   </div>
   <div class='ocr_carea' id='block_1_11' title="bbox 121 3446 1293 3524">
    <p class='ocr_par' dir='ltr' id='par_1_17' title="bbox 121 3446 1293 3524">
     <span class='ocr_line' id='line_1_47' title="bbox 121 3446 1293 3524; baseline -0.009 -18"><span class='ocrx_word' id='word_1_480' title='bbox 121 3458 215 3507; x_wconf 88' lang='lat' dir='ltr'>mente</span> <span class='ocrx_word' id='word_1_481' title='bbox 228 3469 280 3524; x_wconf 90' lang='lat' dir='ltr'>per</span> <span class='ocrx_word' id='word_1_482' title='bbox 293 3451 443 3507; x_wconf 89' lang='lat' dir='ltr'>scientiam</span> <span class='ocrx_word' id='word_1_483' title='bbox 456 3452 612 3518; x_wconf 89' lang='lat' dir='ltr'>illustrata,</span> <span class='ocrx_word' id='word_1_484' title='bbox 630 3451 679 3522; x_wconf 92' lang='lat' dir='ltr'>qui</span> <span class='ocrx_word' id='word_1_485' title='bbox 696 3449 798 3503; x_wconf 91' lang='lat' dir='ltr'>didicit</span> <span class='ocrx_word' id='word_1_486' title='bbox 814 3452 910 3518; x_wconf 89' lang='lat' dir='ltr'>potest</span> <span class='ocrx_word' id='word_1_487' title='bbox 929 3463 991 3500; x_wconf 89' lang='lat' dir='ltr'>esse</span> <span class='ocrx_word' id='word_1_488' title='bbox 1009 3446 1115 3512; x_wconf 70' lang='lat' dir='ltr'>bonus,</span> <span class='ocrx_word' id='word_1_489' title='bbox 1134 3461 1216 3514; x_wconf 88' lang='lat' dir='ltr'>quam</span> <span class='ocrx_word' id='word_1_490' title='bbox 1234 3461 1293 3498; x_wconf 90' lang='lat' dir='ltr'>rem</span> 
     </span>
    </p>
   </div>
   <div class='ocr_carea' id='block_1_12' title="bbox 123 3679 1293 3826">
    <p class='ocr_par' dir='ltr' id='par_1_18' title="bbox 123 3679 1293 3826">
     <span class='ocr_line' id='line_1_48' title="bbox 123 3679 1293 3826; baseline -0.003 -68"><span class='ocrx_word' id='word_1_491' title='bbox 123 3707 138 3758; x_wconf 80' lang='lat'><strong>2</strong></span> <span class='ocrx_word' id='word_1_492' title='bbox 176 3707 275 3767; x_wconf 75' lang='grc' dir='ltr'><em>ἀϊδίως</em></span> <span class='ocrx_word' id='word_1_493' title='bbox 299 3712 327 3760; x_wconf 96' lang='grc' dir='ltr'>Ο.</span> <span class='ocrx_word' id='word_1_494' title='bbox 357 3737 390 3746; x_wconf 84' lang='grc'><strong>-</strong></span> <span class='ocrx_word' id='word_1_495' title='bbox 430 3705 689 3826; x_wconf 43' lang='grc'><strong>12111110.-</strong></span> <span class='ocrx_word' id='word_1_496' title='bbox 732 3704 860 3766; x_wconf 77' lang='grc' dir='ltr'><strong><em>λεύοντες</em></strong></span> <span class='ocrx_word' id='word_1_497' title='bbox 879 3679 954 3757; x_wconf 85' lang='lat' dir='ltr'>Hom.</span> <span class='ocrx_word' id='word_1_498' title='bbox 978 3706 1039 3756; x_wconf 91' lang='lat' dir='ltr'>ibid.</span> <span class='ocrx_word' id='word_1_499' title='bbox 1060 3733 1094 3741; x_wconf 95' lang='lat'><em>-</em></span> <span class='ocrx_word' id='word_1_500' title='bbox 1114 3702 1140 3770; x_wconf 90' lang='lat'>8)</span> <span class='ocrx_word' id='word_1_501' title='bbox 1163 3704 1293 3756; x_wconf 82' lang='lat' dir='ltr'>Consentit</span> 
     </span>
    </p>
   </div>
   <div class='ocr_carea' id='block_1_13' title="bbox 123 3767 1295 4381">
    <p class='ocr_par' dir='ltr' id='par_1_19' title="bbox 123 3767 1295 4381">
     <span class='ocr_line' id='line_1_49' title="bbox 123 3767 1293 3848; baseline -0.003 -22"><span class='ocrx_word' id='word_1_502' title='bbox 123 3775 139 3826; x_wconf 84' lang='lat'>4</span> <span class='ocrx_word' id='word_1_503' title='bbox 171 3772 329 3847; x_wconf 80' lang='grc' dir='ltr'><em>φονεύσητε</em></span> <span class='ocrx_word' id='word_1_504' title='bbox 351 3779 430 3827; x_wconf 71' lang='grc'><strong>17.-</strong></span> <span class='ocrx_word' id='word_1_505' title='bbox 464 3774 474 3844; x_wconf 93' lang='grc'><strong>)</strong></span> <span class='ocrx_word' id='word_1_506' title='bbox 490 3776 593 3848; x_wconf 79' lang='grc' dir='ltr'><em>μισῆτε</em></span> <span class='ocrx_word' id='word_1_507' title='bbox 606 3778 637 3828; x_wconf 93' lang='lat' dir='ltr'>V.</span> <span class='ocrx_word' id='word_1_508' title='bbox 734 3773 967 3841; x_wconf 71' lang='grc' dir='ltr'><strong>01.,ἒνδοχοῦντα</strong></span> <span class='ocrx_word' id='word_1_509' title='bbox 985 3773 1014 3823; x_wconf 90' lang='grc'>0.</span> <span class='ocrx_word' id='word_1_510' title='bbox 1032 3801 1066 3808; x_wconf 92' lang='grc'><strong>-</strong></span> <span class='ocrx_word' id='word_1_511' title='bbox 1087 3767 1114 3839; x_wconf 85' lang='grc'>9)</span> <span class='ocrx_word' id='word_1_512' title='bbox 1133 3767 1293 3838; x_wconf 54' lang='lat' dir='ltr'>darsiano&amp;</span> 
     </span>
     <span class='ocr_line' id='line_1_50' title="bbox 176 3835 1292 3912; baseline -0.006 -17"><span class='ocrx_word' id='word_1_513' title='bbox 176 3845 238 3912; x_wconf 85' lang='lat' dir='ltr'>Gap.</span> <span class='ocrx_word' id='word_1_514' title='bbox 251 3845 333 3894; x_wconf 86' lang='lat' dir='ltr'>LXV.</span> <span class='ocrx_word' id='word_1_515' title='bbox 370 3844 394 3906; x_wconf 93' lang='grc'>1)</span> <span class='ocrx_word' id='word_1_516' title='bbox 408 3839 515 3902; x_wconf 79' lang='grc' dir='ltr'><em>πάντας</em></span> <span class='ocrx_word' id='word_1_517' title='bbox 527 3860 574 3894; x_wconf 91' lang='lat' dir='ltr'>om.</span> <span class='ocrx_word' id='word_1_518' title='bbox 588 3845 620 3894; x_wconf 88' lang='lat' dir='ltr'>V.</span> <span class='ocrx_word' id='word_1_519' title='bbox 733 3845 764 3893; x_wconf 85' lang='lat' dir='ltr'>V.</span> <span class='ocrx_word' id='word_1_520' title='bbox 777 3872 811 3880; x_wconf 96' lang='lat'>—</span> <span class='ocrx_word' id='word_1_521' title='bbox 823 3841 863 3904; x_wconf 83' lang='lat'>10)</span> <span class='ocrx_word' id='word_1_522' title='bbox 876 3836 1031 3905; x_wconf 80' lang='grc' dir='ltr'>ἀπελάσηιε</span> <span class='ocrx_word' id='word_1_523' title='bbox 1044 3841 1075 3890; x_wconf 87' lang='lat' dir='ltr'>V.</span> <span class='ocrx_word' id='word_1_524' title='bbox 1085 3867 1119 3874; x_wconf 93' lang='lat'>—</span> <span class='ocrx_word' id='word_1_525' title='bbox 1131 3835 1175 3906; x_wconf 93' lang='lat' dir='ltr'>ll)</span> <span class='ocrx_word' id='word_1_526' title='bbox 1189 3839 1292 3890; x_wconf 67' lang='lat' dir='ltr'>lailou-</span> 
     </span>
     <span class='ocr_line' id='line_1_51' title="bbox 130 3905 1091 3979; baseline -0.006 -17"><span class='ocrx_word' id='word_1_527' title='bbox 130 3909 134 3917; x_wconf 86' lang='grc'><strong>’</strong></span> <span class='ocrx_word' id='word_1_528' title='bbox 174 3913 235 3979; x_wconf 80' lang='lat' dir='ltr'>Cap.</span> <span class='ocrx_word' id='word_1_529' title='bbox 251 3912 343 3962; x_wconf 83' lang='lat' dir='ltr'>LXVI.</span> <span class='ocrx_word' id='word_1_530' title='bbox 363 3907 389 3978; x_wconf 89' lang='lat'>1)</span> <span class='ocrx_word' id='word_1_531' title='bbox 399 3911 505 3978; x_wconf 77' lang='grc' dir='ltr'>ἑτέροις</span> <span class='ocrx_word' id='word_1_532' title='bbox 516 3913 545 3962; x_wconf 93' lang='lat'>0.</span> <span class='ocrx_word' id='word_1_533' title='bbox 555 3939 589 3947; x_wconf 92' lang='lat'><em>-</em></span> <span class='ocrx_word' id='word_1_534' title='bbox 602 3908 628 3978; x_wconf 79' lang='lat'>2)</span> <span class='ocrx_word' id='word_1_535' title='bbox 640 3909 690 3964; x_wconf 82' lang='grc' dir='ltr'>τὸν</span> <span class='ocrx_word' id='word_1_536' title='bbox 734 3924 782 3962; x_wconf 75' lang='lat' dir='ltr'>osv</span> <span class='ocrx_word' id='word_1_537' title='bbox 795 3913 824 3959; x_wconf 89' lang='lat'>0.</span> <span class='ocrx_word' id='word_1_538' title='bbox 838 3939 869 3946; x_wconf 91' lang='lat'><em>-</em></span> <span class='ocrx_word' id='word_1_539' title='bbox 882 3905 927 3976; x_wconf 79' lang='lat'>12)</span> <span class='ocrx_word' id='word_1_540' title='bbox 939 3911 985 3959; x_wconf 81' lang='grc' dir='ltr'>καὶ</span> <span class='ocrx_word' id='word_1_541' title='bbox 996 3925 1044 3956; x_wconf 91' lang='lat' dir='ltr'>om.</span> <span class='ocrx_word' id='word_1_542' title='bbox 1059 3907 1091 3956; x_wconf 86' lang='lat' dir='ltr'>V.</span> 
     </span>
     <span class='ocr_line' id='line_1_52' title="bbox 125 3970 1293 4051; baseline -0.01 -20"><span class='ocrx_word' id='word_1_543' title='bbox 125 3976 256 4048; x_wconf 75' lang='grc' dir='ltr'>πρὸμιᾶς</span> <span class='ocrx_word' id='word_1_544' title='bbox 265 3974 356 4030; x_wconf 83' lang='grc' dir='ltr'><em>τόπον</em></span> <span class='ocrx_word' id='word_1_545' title='bbox 365 3981 440 4030; x_wconf 83' lang='grc' dir='ltr'>Ηοιιι.</span> <span class='ocrx_word' id='word_1_546' title='bbox 450 3977 598 4042; x_wconf 85' lang='lat' dir='ltr'>IX‚1=ad</span> <span class='ocrx_word' id='word_1_547' title='bbox 607 3980 691 4028; x_wconf 92' lang='lat' dir='ltr'>locum</span> <span class='ocrx_word' id='word_1_548' title='bbox 784 3979 843 4042; x_wconf 82' lang='lat' dir='ltr'>Cap.</span> <span class='ocrx_word' id='word_1_549' title='bbox 865 3976 973 4026; x_wconf 87' lang='lat' dir='ltr'>LXVII.</span> <span class='ocrx_word' id='word_1_550' title='bbox 1010 3970 1036 4040; x_wconf 93' lang='lat' dir='ltr'>l)</span> <span class='ocrx_word' id='word_1_551' title='bbox 1054 3972 1189 4051; x_wconf 65' lang='grc'><strong>11111111)</strong></span> <span class='ocrx_word' id='word_1_552' title='bbox 1210 3973 1239 4020; x_wconf 85' lang='grc' dir='ltr'>Ο.</span> <span class='ocrx_word' id='word_1_553' title='bbox 1260 3997 1293 4005; x_wconf 91' lang='lat'>-</span> 
     </span>
     <span class='ocr_line' id='line_1_53' title="bbox 436 4037 1293 4164; baseline -0.013 -2.003"><span class='ocrx_word' id='word_1_554' title='bbox 436 4041 572 4164; x_wconf 59' lang='lat' dir='ltr'>aar</span> <span class='ocrx_word' id='word_1_555' title='bbox 589 4051 689 4162; x_wconf 72' lang='grc'>11</span> <span class='ocrx_word' id='word_1_556' title='bbox 940 4037 1293 4157; x_wconf 53' lang='lat' dir='ltr'>silvaniam</span> 
     </span>
     <span class='ocr_line' id='line_1_54' title="bbox 125 4109 1210 4252; baseline -0.012 -19"><span class='ocrx_word' id='word_1_557' title='bbox 125 4115 391 4250; x_wconf 47' lang='grc' dir='ltr'><strong>13ᾳωί1110ᾚᾶ</strong></span> <span class='ocrx_word' id='word_1_558' title='bbox 405 4131 449 4232; x_wconf 59' lang='lat' dir='ltr'>leii³</span> <span class='ocrx_word' id='word_1_559' title='bbox 463 4109 690 4246; x_wconf 45' lang='grc' dir='ltr'>Β16)(1111111111</span> <span class='ocrx_word' id='word_1_560' title='bbox 731 4125 1107 4252; x_wconf 56' lang='lat' dir='ltr'>a.t)¹⁷³1}²›¹iaaqs&#39;aai)⁸</span> <span class='ocrx_word' id='word_1_561' title='bbox 1205 4141 1210 4152; x_wconf 83' lang='lat'><em>-</em></span> 
     </span>
     <span class='ocr_line' id='line_1_55' title="bbox 126 4235 1295 4320; baseline -0.013 -20"><span class='ocrx_word' id='word_1_562' title='bbox 126 4253 175 4310; x_wconf 92' lang='lat' dir='ltr'>0r.,</span> <span class='ocrx_word' id='word_1_563' title='bbox 189 4243 405 4319; x_wconf 80' lang='grc' dir='ltr'><em>εὐχαριστήσητε</em></span> <span class='ocrx_word' id='word_1_564' title='bbox 419 4249 456 4311; x_wconf 92' lang='lat' dir='ltr'>V,</span> <span class='ocrx_word' id='word_1_565' title='bbox 474 4242 689 4315; x_wconf 79' lang='grc' dir='ltr'><strong><em>εὐχαριστήσατε</em></strong></span> <span class='ocrx_word' id='word_1_566' title='bbox 783 4243 842 4308; x_wconf 86' lang='lat' dir='ltr'>Cap.</span> <span class='ocrx_word' id='word_1_567' title='bbox 865 4241 985 4291; x_wconf 89' lang='lat' dir='ltr'>LXVHI.</span> <span class='ocrx_word' id='word_1_568' title='bbox 1022 4235 1049 4306; x_wconf 85' lang='lat'>1)</span> <span class='ocrx_word' id='word_1_569' title='bbox 1079 4257 1121 4320; x_wconf 63' lang='grc'>1111</span> <span class='ocrx_word' id='word_1_570' title='bbox 1135 4253 1183 4288; x_wconf 89' lang='lat' dir='ltr'>om.</span> <span class='ocrx_word' id='word_1_571' title='bbox 1205 4238 1235 4287; x_wconf 94' lang='lat' dir='ltr'>V.</span> <span class='ocrx_word' id='word_1_572' title='bbox 1260 4261 1295 4272; x_wconf 83' lang='lat'>-—</span> 
     </span>
     <span class='ocr_line' id='line_1_56' title="bbox 126 4303 1249 4381; baseline -0.012 -14"><span class='ocrx_word' id='word_1_573' title='bbox 126 4319 199 4367; x_wconf 91' lang='lat' dir='ltr'>Hom.</span> <span class='ocrx_word' id='word_1_574' title='bbox 211 4318 259 4380; x_wconf 90' lang='lat' dir='ltr'>IX,</span> <span class='ocrx_word' id='word_1_575' title='bbox 274 4313 313 4366; x_wconf 87' lang='lat'>19.</span> <span class='ocrx_word' id='word_1_576' title='bbox 330 4343 364 4350; x_wconf 95' lang='lat'><strong>—</strong></span> <span class='ocrx_word' id='word_1_577' title='bbox 382 4311 408 4381; x_wconf 83' lang='grc'>7)</span> <span class='ocrx_word' id='word_1_578' title='bbox 425 4317 466 4364; x_wconf 87' lang='lat' dir='ltr'>Ita</span> <span class='ocrx_word' id='word_1_579' title='bbox 477 4320 502 4364; x_wconf 89' lang='lat' dir='ltr'>et</span> <span class='ocrx_word' id='word_1_580' title='bbox 514 4315 592 4380; x_wconf 85' lang='lat' dir='ltr'>Epit,</span> <span class='ocrx_word' id='word_1_581' title='bbox 609 4319 688 4380; x_wconf 83' lang='grc' dir='ltr'>βασι·</span> <span class='ocrx_word' id='word_1_582' title='bbox 732 4308 758 4374; x_wconf 82' lang='lat'>2)</span> <span class='ocrx_word' id='word_1_583' title='bbox 768 4311 861 4366; x_wconf 85' lang='lat' dir='ltr'>Matth.</span> <span class='ocrx_word' id='word_1_584' title='bbox 875 4307 917 4368; x_wconf 77' lang='lat'>23,</span> <span class='ocrx_word' id='word_1_585' title='bbox 929 4305 971 4356; x_wconf 80' lang='lat'>25.</span> <span class='ocrx_word' id='word_1_586' title='bbox 983 4303 1024 4356; x_wconf 81' lang='lat'>26.</span> <span class='ocrx_word' id='word_1_587' title='bbox 1038 4309 1080 4356; x_wconf 86' lang='lat' dir='ltr'>Or.</span> <span class='ocrx_word' id='word_1_588' title='bbox 1094 4325 1126 4358; x_wconf 86' lang='lat' dir='ltr'>ro</span> <span class='ocrx_word' id='word_1_589' title='bbox 1139 4303 1249 4364; x_wconf 73' lang='grc' dir='ltr'><em>ἔξωθεν.</em></span> 
     </span>
    </p>
   </div>
   <div class='ocr_carea' id='block_1_14' title="bbox 1048 4405 1090 4446">
    <p class='ocr_par' dir='ltr' id='par_1_20' title="bbox 1048 4405 1090 4446">
     <span class='ocr_line' id='line_1_57' title="bbox 1048 4405 1090 4446; baseline 0.024 -1"><span class='ocrx_word' id='word_1_590' title='bbox 1048 4405 1090 4446; x_wconf 69' lang='lat' dir='ltr'>lli</span> 
     </span>
    </p>
   </div>
   <div class='ocr_carea' id='block_1_15' title="bbox 0 0 1568 4894">
    <p class='ocr_par' dir='ltr' id='par_1_21' title="bbox 0 0 1568 4894">
     <span class='ocr_line' id='line_1_58' title="bbox 0 0 1568 4894; baseline 0 0"><span class='ocrx_word' id='word_1_591' title='bbox 0 0 1568 4894; x_wconf 95' lang='lat' dir='ltr'> </span> 
     </span>
    </p>
   </div>
  </div>
 </body>
</html>
