3126 4894
603 329 916 382 0011000111100.
1282 312 1338 378 17]

159 474 328 546 oppositam
341 473 474 542 insulam,
489 492 562 597 qpae
574 475 710 548 triginta,
723 475 835 546 opinor,
853 492 907 530 nec
918 474 989 530 totis
1002 473 1098 530 statiis
1111 474 1213 542 distat,
1225 475 1343 547 naviga-

158 560 256 596 remus
275 543 314 596 ad
332 541 471 597 videndas
489 543 499 595 i
521 544 530 595 i
551 543 621 598 duas
639 543 785 598 columnas
801 542 894 598 viteas
912 542 1062 597 maximam
1078 542 1181 596 molem
1192 542 1342 597 habentes.

158 610 266 664 Petrus
280 627 358 680 ergo,
371 615 404 664 01
418 615 479 665 erat
492 610 741 678 clementissimus,
756 611 900 665 concessit
910 609 1023 665 dicens:
1044 608 1114 664 Cum
1127 627 1142 664 e
1155 610 1222 664 navi
1232 611 1341 682 egressi

160 677 293 740 fueritis,
308 693 345 730 nc
361 695 419 731 una
435 695 533 732 omnes
551 679 714 748 procedatis
732 679 769 732 ad
787 678 995 759 spectationem
1012 695 1107 732 eorum
1128 694 1200 747 quae
1222 677 1341 748 cupitis;

160 745 231 798 nolo
243 745 322 798 enim
334 744 439 798 civium
452 762 605 800 concursus
622 746 660 800 ad
678 763 729 800 vos
747 745 818 800 fierr.
853 744 948 816 Atque
961 745 1003 800 sic
1015 745 1186 816 navigantes
1198 752 1341 799 momento

160 811 250 866 horae
267 811 299 864 in
316 812 439 866 insulam
456 813 547 868 delati
564 831 668 874 sumus.
702 813 741 866 Et
759 813 966 868 descendentes
979 829 1014 868 ex
1032 813 1138 882 scapha
1151 829 1184 867 eo
1197 813 1342 884 progressi

163 897 278 946 sumus,
295 879 345 933 ubi
358 885 439 934 erant
452 880 599 935 columnae
612 881 720 936 viteae:
740 881 879 951 simulque
897 898 961 936 cum
978 879 1117 935 columnis
1129 880 1203 935 alius
1215 881 1295 934 aliud
1307 897 1341 936 ex

164 947 289 1000 Phidiae
340 946 434 1000 eribus
448 948 607 1017 spectabat.

231 964 371 1066 LXXXI.
405 1013 487 1069 Unus
499 1022 594 1070 autem
607 1015 708 1070 Petrus
721 1031 839 1069 necesse
851 1031 908 1070 000
919 1015 1046 1086 putavit,
1065 1031 1137 1086 quae
1150 1014 1191 1069 ibi
1204 1020 1284 1070 erant
1297 1015 1338 1069 in-

163 1082 272 1148 visere,
295 1081 347 1134 sed
367 1083 506 1136 attentius
528 1082 710 1137 considerans
731 1084 877 1136 mulierem
898 1083 1040 1153 quandam
1061 1089 1140 1138 extra
1160 1100 1210 1163 pro
1231 1082 1340 1138 foribus

166 1149 315 1204 sedentem
329 1154 358 1202 01
369 1149 462 1203 victus
472 1150 566 1221 gratia
575 1151 784 1204 mendicantem
792 1148 905 1218 Mulier,
918 1151 1020 1220 inquit,
1034 1150 1110 1220 quod
1118 1150 1173 1204 11111
1182 1151 1337 1204 membrum

168 1217 259 1283 deest,
273 1221 306 1268 01
318 1221 430 1270 11101001
442 1218 641 1272 contumeliam
654 1217 823 1288 susceperis,
836 1219 962 1288 petendi,
976 1219 1099 1288 inquam,
1114 1217 1226 1288 stipem,
1240 1223 1269 1272 et
1281 1235 1338 1272 uon

164 1284 260 1355 potius
278 1283 409 1336 manibus
426 1285 498 1351 tuis,
521 1302 590 1354 quas
608 1303 626 1339 a
641 1284 704 1339 Deo
722 1303 790 1340 acce
812 1285 875 1352 isti,
893 1303 1013 1356 operans
1031 1284 1227 1354 quotidianum
1244 1283 1339 1338 cibum

166 1349 301 1421 quaeris?
329 1349 369 1404 At
381 1350 432 1405 illa
446 1353 590 1422 suspirans
602 1353 763 1423 respondit:
810 1353 899 1406 tinam
910 1352 1107 1421 mihiquidem
1121 1356 1338 1418 essentmauus,

166 1435 236 1488 quae
249 1423 370 1497 possent
384 1419 523 1474 laborare!
547 1420 630 1474 Nunc
643 1426 738 1475 autem
750 1420 820 1473 milri
833 1421 921 1474 solam
932 1437 1065 1474 manuum
1077 1419 1202 1499 speciem
1214 1425 1338 1486 servant,

166 1503 228 1540 cum
242 1491 302 1538 0101
315 1491 466 1542 emortuae.
496 1487 534 1541 Et
545 1488 647 1542 Petrus
660 1488 848 1559 interrogavit
885 1487 964 1551 Quae
976 1504 1043 1541 vero
1055 1486 1111 1540 1011
1123 1503 1218 1551 causa,
1231 1491 1263 1540 01
1274 1504 1338 1565 gra·

165 1553 315 1608 vissimum
327 1552 381 1607 hoc
394 1555 499 1608 malum
511 1554 687 1610 sustineres?
706 1555 780 1608 Tum
792 1555 843 1609 illa
854 1553 1014 1634 respondit:
1033 1551 1131 1607 Animi
1143 1552 1338 1620 imbecilhtas,

165 1638 217 1676 nec
236 1621 319 1674 aliud
335 1621 497 1692 quidquam.
533 1621 563 1676 Si
580 1623 656 1676 enim
673 1623 740 1678 forti
757 1623 850 1677 animo
863 1621 981 1676 fuissem
992 1621 1136 1692 praedita,
1154 1627 1215 1675 erat
1230 1621 1338 1690 praeci-

165 1689 267 1759 pitium
280 1693 331 1742 aut
342 1689 474 1761 pelagus,
487 1691 562 1744 unde
572 1707 616 1744 me
630 1691 768 1746 deiiciens
777 1695 905 1761 poteram
913 1689 996 1744 malis
1006 1689 1131 1744 dolorem
1140 1687 1211 1742 mihi
1219 1688 1338 1742 afferen-

167 1756 246 1810 tibus
260 1754 348 1809 finem
360 1756 511 1827 imponere.

230 1822 385 1877 LXXXII.
422 1825 495 1878 Tum
516 1825 619 1880 Petrus
640 1823 717 1879 infit:
744 1826 783 1879 Et
800 1823 890 1896 quid?
919 1825 1044 1880 Putasne
1061 1824 1175 1889 mulier,
1197 1823 1272 1894 quod
1289 1823 1337 1892 qui

166 1896 256 1946 semet
266 1890 345 1960 ipsos
351 1891 505 1970 perimunt,
516 1893 629 1946 omnino
639 1910 656 1947 a
666 1893 815 1964 suppliciis
827 1893 992 1958 liberantur,
1006 1910 1042 1946 an
1052 1909 1110 1946 non
1120 1891 1216 1962 potius
1229 1891 1339 1945 animae

167 1976 272 2024 eorum,
287 1959 336 2039 qui
349 1965 390 2012 ita
402 1960 566 2027 moriuntur,
579 1960 733 2015 maioribus
745 1961 900 2030 puniuntur
912 1959 987 2030 apud
999 1959 1104 2014 inferos
1114 1959 1215 2030 poenis
1223 1963 1340 2029 propter

166 2026 208 2080 sui
219 2025 431 2079 homrcidium?
459 2026 500 2081 At
512 2029 563 2082 illa
574 2027 707 2094 Utinam,
721 2027 823 2098 inquit,
836 2045 1001 2098 persuasum
1013 2027 1083 2080 mihi
1096 2032 1187 2092 esset,
1199 2043 1298 2080 revera
1309 2026 1339 2079 in

165 2093 265 2147 inieris
284 2093 393 2148 animas
410 2093 491 2148 vivas
506 2095 638 2165 reperiri3
655 2095 755 2166 utique
772 2096 943 2167 contemptis
980 2095 1060 2150 cenis
1076 2094 1147 2148 mori
1159 2095 1295 2166 eligerem
1306 2099 1339 2148 ut

166 2161 242 2215 diem
254 2161 358 2214 saltem
369 2179 456 2214 unum
467 2162 592 2216 viderem
609 2161 931 2233 mihiexoptatissimos.
990 2163 1120 2217 tPetrus
1138 2163 1224 2217 dixit:
1252 2161 1339 2226 Quid-

165 2247 231 2282 nam
245 2229 294 2294 sit,
307 2229 383 2298 quod
394 2233 424 2284 te
438 2231 591 2297 excruciet,
605 2231 678 2286 scire
691 2232 785 2298 velim,
799 2231 907 2286 mulier.
943 2229 973 2286 Si
986 2231 1061 2285 enim
1072 2247 1117 2285 mc
1130 2229 1274 2296 docueris,
1286 2246 1338 2309 pro

166 2313 199 2350 ea
212 2296 309 2367 gratia
321 2301 427 2350 certam
438 2303 467 2351 te
481 2297 585 2352 faciam
598 2297 633 2352 de
646 2299 756 2353 animae
769 2299 830 2352 vita
840 2299 917 2368 apud
930 2298 1050 2364 inferos,
1064 2304 1094 2352 01
1104 2315 1155 2368 pro
1167 2297 1338 2368 praecipitio

163 2364 210 2418 vel
226 2363 368 2433 profundo
385 2365 623 2420 medicamentum
635 2367 760 2432 tradam,
777 2373 809 2418 01
826 2366 887 2420 0100
904 2365 1031 2420 01001010
1046 2365 1144 2419 valeas
1157 2365 1250 2418 ¹vitam
1263 2381 1337 2417 oom-

164 2436 284 2485 mutare.

231 2497 401 2552 LXXXHI.
437 2499 518 2554 Tunc
535 2499 650 2566 mulier,
669 2504 769 2568 utpote
806 2517 858 2553 uae
876 2498 1040 2571 ambiguum
1057 2514 1214 2552 sermonem
1226 2497 1337 2550 nonin·

163 2566 322 2638 telligeret,
334 2566 521 2635 promissione
534 2585 670 2637 persuasa
680 2583 730 2620 coe
752 2566 776 2620 11
787 2516 881 2622 dicere
892 2567 968 2621 hunc
981 2567 1011 2619 10
1023 2565 1148 2620 modum:
1169 2563 1266 2618 Genus
1277 2564 1337 2687 qui·

165 2634 228 2687 dem
241 2640 271 2687 et
284 2634 405 2704 patriam
420 2635 444 2687 si
456 2634 619 2705 proferrem,
632 2653 689 2688 non
700 2585 821 2689 arbitror
833 2652 877 2688 me
889 2651 973 2704 posse
983 2633 1070 2688 alicui
1082 2631 1260 2703 persuadere.
1300 2631 1336 2686 ed

165 2708 193 2755 et
205 2701 275 2770 quid
287 2700 325 2755 ad
342 2707 371 2754 10
388 2703 493 2756 attinet
509 2701 540 2754 id
557 2719 743 2774 cognoscere,
759 2703 816 2755 nisi
833 2703 921 2756 solam
941 2719 1069 2768 causam,
1087 2701 1123 2754 ob
1141 2716 1224 2770 quam
1235 2698 1336 2753 dolore

164 2769 271 2823 affecta
281 2769 421 2823 morsibus
433 2787 533 2824 manus
545 2787 622 2824 meas
636 2776 759 2826 mortuas
771 2768 903 2824 reddidi?
922 2769 1032 2824 Tamen
1043 2785 1115 2834 mea,
1131 2766 1225 2837 quoad
1237 2766 1335 2820 audire

164 2842 261 2906 potes,
279 2835 408 2891 referam.
443 2837 506 2908 Ego
524 2837 674 2891 admodum
689 2838 808 2906 nobilis,
825 2837 917 2908 princi
938 2839 962 2890 is
982 2836 1128 2891 cuiusdam
1139 2834 1193 2888 viri
1205 2833 1333 2904 imperio,

164 2904 249 2974 nupsi
260 2903 336 2969 viro,
355 2905 476 2974 quierat
489 2904 567 2957 illius
579 2905 767 2986 propinquus,
786 2911 815 2960 01
826 2912 892 2976 post
924 2923 975 2959 000
988 2905 1117 2976 geminos
1129 2902 1235 2958 liberos
1248 2902 1335 2956 alium

166 2971 279 3052 suscepi
296 2969 394 3024 filium.
430 2969 487 3027 Sed
504 2971 592 3026 frater
610 2973 704 3026 mariti
716 2974 772 3027 mei
789 2991 893 3046 magna
908 2979 1053 3043 correptus
1065 2971 1178 3026 insania
1191 2967 1336 3026 adamavit

165 3056 208 3093 me
225 3056 373 3106 m1seram,
387 3056 459 3108 quae
472 3046 551 3094 caste
564 3039 659 3094 vivere
673 3041 822 3111 cupiebam
834 3041 992 3096 admodum.
1028 3039 1153 3111 Cumque
1165 3056 1220 3094 nec
1231 3039 1336 3094 vellem

165 3107 283 3160 amatori
301 3107 475 3174 consentire,
494 3125 547 3162 nec
563 3107 623 3162 viro
642 3125 705 3162 meo
723 3126 845 3163 amorem
861 3108 957 3164 fratris
975 3108 1036 3162 cius
1049 3125 1117 3180 erga
1129 3125 1173 3162 me
1187 3121 1336 3178 exponere,

165 3173 253 3228 statui
270 3180 303 3228 ut
318 3191 411 3244 neque
427 3175 591 3229 adulterans
608 3176 764 3244 polluerem
781 3193 840 3241 me,
852 3193 906 3230 nec
921 3175 975 3230 viri
991 3176 1047 3230 mci
1059 3182 1150 3229 torum
1163 3175 1336 3229 contumelia

164 3240 318 3308 afficerem,
330 3259 422 3311 neque
435 3241 551 3297 fratrem
563 3242 644 3297 fratri
655 3243 802 3297 redderem
815 3243 968 3308 inimicum,
981 3259 1073 3311 neque
1084 3248 1175 3296 totam
1186 3241 1335 3306 familiam,

165 3325 236 3378 quae
248 3326 354 3380 magna
363 3315 432 3376 erat,
446 3310 476 3363 in
486 3309 665 3390 opprobrium
676 3310 787 3364 cunctis
798 3310 906 3363 darem·
921 3309 1009 3362 statui
1019 3309 1116 3378 igitur,
1129 3308 1252 3377 inquam,
1265 3307 1334 3360 urbe

166 3393 227 3428 cum
239 3375 312 3430 meis
325 3377 446 3448 geminis
479 3395 554 3432 uerrs
567 3377 604 3432 ad
616 3377 758 3446 quoddam
770 3383 882 3446 tempus
895 3348 1052 3440 discedere,
1067 3375 1157 3428 donec
1170 3380 1199 3427 et
1211 3374 1336 3442 impurus

165 3461 241 3498 amor
253 3443 342 3510 111100,
355 3444 403 3514 qui
415 3397 485 3498 milri
496 3445 534 3499 ad
547 3445 672 3499 dedecus
684 3462 776 3498 meum
788 3442 998 3508 assentabatur,
1010 3441 1095 3494 finem
1107 3440 1283 3510 accepisset,
1304 3445 1335 3494 at

165 3512 286 3565 alterum
298 3509 397 3578 filium,
410 3518 443 3566 ut
455 3513 532 3582 apud
543 3518 653 3582 patrem
666 3513 696 3566 in
710 3511 843 3567 solatium
855 3515 990 3576 maneret,
1003 3508 1115 3578 reliqui.
1278 3573 1285 3586 ,

230 3577 396 3633 LXXXIV.
431 3579 536 3634 Verum
553 3597 609 3649 quo
625 3579 697 3634 haec
711 3580 752 3634 ita
764 3578 880 3646 fierent,
898 3577 928 3631 in
940 3577 1063 3631 animum
1075 3574 1182 3642 induxi,
1196 3591 1334 3629 sommum

164 3645 283 3718 fingere,
297 3646 377 3716 quasi
390 3647 494 3718 aliquis
507 3647 577 3701 mihi
589 3653 677 3702 noctu
686 3647 849 3703 adstitisset
862 3663 895 3702 ac
906 3645 1039 3700 dixisset:
1058 3643 1170 3712 Mulier,
1184 3641 1335 3698 confestim

215 3837 275 3902 Gap.
288 3837 396 3886 LXXX.
428 3832 459 3903 ·1)
479 3832 679 3906 0101001010.
701 3866 729 3873 -
775 3832 936 3905 0111110Ηο0.
951 3864 981 3872 -
993 3831 1021 3903 5)
1035 3831 1106 3903 ᾅδου
1119 3837 1147 3886 0.
1161 3863 1195 3870 -
1211 3830 1238 3902 6)
1253 3827 1334 3885 δώσω

167 3899 194 3970 2)
208 3898 281 3954 οὕτω
294 3905 323 3953 0.
773 3909 858 3954 noster
870 3905 944 3954 Hom.
959 3904 1049 3964 Codex,
1062 3902 1128 3967 quod
1137 3906 1254 3968 praestat.

215 4005 275 4070 cap·
300 4004 421 4053 LXXXI·
457 4001 485 4072 1)
509 4005 621 4058 ἐκείνων
645 4007 673 4055 0¹
694 4033 727 4040 '—
771 4034 799 4105 2)
814 3971 887 4090 odibi
901 3966 1119 4103 dlx-{gladii
1133 3967 1333 4101 droassdpsibrd

164 4068 191 4138 2)
211 4073 255 4121 Ita
267 4072 314 4121 OV
336 4088 392 4150 cum
413 4072 491 4150 Epic,
515 4067 549 4136 ἦν
569 4074 643 4122 Hom.
667 4073 727 4122 dod.
770 4105 797 4154 in
811 4100 923 4171 0¹⁸4)
936 4096 1130 4170 moga-5
1154 4101 1232 4149 stain
1243 4099 1334 4148 Homi.

165 4139 249 4189 0ttob.
267 4143 292 4188 01
307 4143 386 4188 000111
403 4141 534 4205 Eprtomes
553 4139 612 4190 Odd.
625 4141 678 4189 BD.
694 4166 727 4173 -
770 4171 812 4220 liis
824 4172 884 4232 XII,
899 4169 930 4218 15
939 4185 1036 4234 quoque
1045 4097 1178 4232 legenssum
1190 4182 1332 4233 censcopro

163 4202 192 4274 3)
204 4223 241 4276 με
253 4222 302 4254 om.
316 4207 345 4255 0·
770 4238 912 4286 coniectura
936 4235 1089 4298 Schwegleri
1112 4235 1277 4305 βουλομένη.
1300 4261 1335 4270 -

215 4307 275 4373 Cap.
292 4307 427 4356 LXXXII.
463 4302 490 4373 l)
515 4302 617 4364 πάντες
638 4307 666 4356 0.
693 4333 724 4341 —
769 4301 797 4371 6)
810 4305 914 4355 τέκνων
927 4305 955 4353 0.

163 4371 190 4442 2)
204 4370 276 4440 (idon
289 4376 318 4424 0.
337 4401 369 4410 -
389 4371 416 4440 3)
434 4369 506 4424 οὕτω
524 4375 552 4422 0.
571 4399 603 4408 -
621 4371 645 4434 4>
658 4375 727 4441 μίαν
821 4371 880 4437 Gap.
904 4371 1050 4422 LXXXIV.
1088 4364 1115 4436 l)
1141 4363 1216 4422 οὕτω
1246 4370 1275 4419 0.
1300 4397 1333 4406 -
