3126 4894
277 341 338 406 166
453 345 459 358 ·
742 356 970 407 οιεαιιιιειιιι

359 510 509 569 LXXIH.
553 508 679 591 K6y6'
662 507 861 589 ἀπεκρινάμην
881 507 918 610 μὴ
932 508 1022 570 τοίνυν
1037 508 1163 608 νομισης,
1185 505 1261 588 κόριέ
1270 532 1338 587 μου,
1353 505 1398 608 600
1411 507 1452 570 τὰ

275 595 362 700 λάπης
376 593 497 698 πάσχειν
506 593 648 674 ἔμελλον’
631 592 764 674 ἀνοήτως,
781 591 855 694 6666
866 589 912 654 καὶ
923 591 998 656 πάνυ
1009 591 1091 696 ὐρθιβ
1106 615 1156 654 τινι
1154 593 1298 691 λογισμιβ
1313 587 1373 656 ἐπεὶ
1384 591 1451 672 γὰρ,

276 680 350 760 κόριί
360 705 422 782 μου,
436 674 498 742 ἀντί
513 677 628 782 πάντων
643 675 674 741 σὲ
689 678 741 758 ἔχω
757 675 864 758 πατρός
878 700 909 740 τε
923 671 970 739 καί,
983 676 1095 833 μητρός,
1116 701 1163 738 και
1154 670 1307 755 ἀδελφῶν
1322 671 1370 738 καὶ
1355 701 1450 779 συγ·

276 767 370 868 γενώη,
386 759 472 826 αίτιόν
486 787 534 842 μοι
548 761 691 844 γενόμενον
706 759 753 824 666
768 761 817 822 τόν
831 761 903 824 θεὸν
917 764 967 842 τῆς
980 785 1022 823 σω
1025 759 1123 840 ζοόσης
1137 760 1319 863 ἀληθειάς,’
1302 755 1364 823 αντὶ
1379 761 1452 822 πάν-

276 873 331 910 των
346 847 417 946 ἔχων
434 870 466 909 σε
484 847 676 950 παραμυθίοις
695 849 744 947 664
762 845 890 950 μεγίστης
908 843 1044 948 τηγχάηω.
1066 845 1139 949 ηιρὸς
1159 842 1266 914 τοότοις
1288 843 1318 907 66
1332 843 1450 914 δεδοιώς

274 956 328 1011 μου
342 926 388 992 6066
407 932 456 1010 τῆς
474 929 563 1030 ἀκμῆς
580 929 630 1010 τὴν
645 931 674 992 ἐκ
693 928 803 1010 φάσεως
817 931 969 1008 ἐπιθυμίαν
986 928 1129 1034 ἠγωνίων,
1142 953 1242 1054 μηπηις
1261 927 1452 1009 ἀπολειφθεις

275 1039 326 1077 σου
341 1011 497 1092 ἄνθρωπος
511 1010 550 1076 660
565 1012 697 1117 νεώτερος
710 1012 801 1094 ν’γττων
816 1013 969 1094 ἐπιθυμίας
983 1014 1092 1116 ἔσομαι,
1113 1011 1218 1092 ὅσπερ1
1239 1015 1287 1074 νῦν
1306 1011 1396 1083 οὕτως
1412 1015 1452 1075 60-

276 1097 403 1168 στάσεως
418 1096 471 1176 ίχω
495 1095 657 1198 ἀποστῆναί
671 1121 721 1159 σου
737 1095 875 1203 666006606
894 1097 978 1172 εἶναι,
1000 1098 1029 1158 εἰ
1037 1095 1101 1200 μὴ
1099 1095 1174 1158 κατά
1193 1120 1255 1158 τινα
1246 1094 1357 1199 χόλον
1376 1100 1452 1159 θεοῦ

277 1185 360 1246 τοῦτο
373 1182 491 1262 γε’νηται.
512 1177 559 1242 καὶ
574 1181 628 1263 γάρ
641 1179 783 1260 με’μνημαί
793 1205 844 1242 σου
855 1183 883 1244 ἐν
900 1145 1101 1288 Καιάαρείᾳ’
1073 1178 1214 1284 ειπόντος·
1231 1175 1259 1243 εί
1269 1205 1310 1251 τις
1319 1179 1458 1262 βούλεταί

277 1291 322 1346 μοι
337 1267 507 1370 συνηδεύσαι,
523 1265 642 1346 εὐσεβῶς
656 1265 832 1328 σννοδευάτω.
837 1263 967 1368 εὐσεβιβς
982 1263 1043 1327 δὲ’
1027 1290 1136 1368 εφης
1105 1263 1138 1326 τό
1151 1265 1256 1344 μηδένα
1266 1270 1361 1327 λυπεῖν
1372 1264 1452 1328 κατὰ

278 1349 358 1425 θεὸν,
374 1347 431 1412 οίον
448 1346 642 1454 666666602
657 1359 751 1453 γονεῖς,
766 1357 885 1452 γυναῖκα
897 1345 1042 1451 ὁμόφρονα
1057 1375 1073 1428 η
1089 1347 1197 1454 ετέροιγς
1210 1347 1288 1419 τινὰς
1302 1352 1336 1427 τῇ
1351 1359 1453 1410 θεοσε·

277 1435 340 1538 βείᾳ
355 1433 573 1538 προσκειμένους
594 1431 665 1496 ὅθεν
685 1432 737 1514 ε’γώ
756 1432 830 1535 κατὰ
844 1431 939 1494 πάντα
955 1430 1146 1534 6‘6666066‘04’
1119 1433 1177 1538 ειμί
1185 1457 1229 1495 σοι
1231 1432 1451 1537 συνοδοιπόρος,

279 1512 301 1596 ιβ
316 1514 362 1581 καὶ
378 1516 415 1580 τά
429 1515 543 1598 με’γιστα
555 1517 683 1599 χαρίζει,3
697 1517 724 1580 εί
736 1515 788 1588 τὰς
803 1515 906 1579 δούλων
919 1541 965 1596 μοι
978 1541 1089 1597 υπνοεσι
1095 1541 1130 1588 ας
1143 1517 1297 1596 ἐπιτρέποις
1311 1526 1410 1580 ποιεῖν.

361 1633 507 1693 LXXIV.
538 1629 627 1696 Ka6‘
614 1660 630 1698 0
645 1633 789 1714 Πε’τρος’
770 1632 894 1704 ακούσας
908 1631 1087 1732 γελοιάζων
1071 1648 1135 1736 εφη·
1152 1659 1179 1696 τι
1189 1659 1237 1696 ουν
1248 1630 1321 1709 οίει,1
1338 1633 1451 1738 Κλημγγ,

276 1719 324 1821 μὴ
328 1716 373 1781 ὑπ’
392 1717 478 1798 αὐτῆς
492 1717 615 1799 ἀνάγκης
628 1742 661 1780 σε
675 1719 714 1790 εἰς
728 1717 832 1780 δούλων
845 1720 909 1798 μοι’
923 1722 1042 1799 ταγῑμαι
1052 1716 1154 1819 τόποης
1168 1713 1227 1780 ἐπεὶ
1241 1718 1283 1789 τίς
1293 1717 1347 1790 τάς
1357 1719 1451 1790 καλὰς

276 1829 324 1865 και
316 1799 445 1873 ’πολλὰς
459 1801 586 1906 06066004
599 1801 670 1903 μετὰ
681 1806 737 1864 τάν
748 1802 887 1881 ἑπομένων
898 1803 1071 1865 δακτυλίων3
1085 1827 1131 1864 και
1124 1798 1306 1882 ὑποδήσεων
1317 1802 1452 1882 φυλάξει,·

276 1888 319 1958 τίς
333 1883 362 1948 66
383 1880 431 1948 καὶ
452 1885 489 1947 τά
507 1882 576 1982 6666
595 1911 642 1948 και
634 1882 795 1990 πολοτελη
816 1883 911 1987 όψα*
920 1884 1126 1991 προετοιμάσει,
1149 1884 1232 1992 η’ίτινα
1250 1886 1395 1948 ποικιλοι
1379 1912 1453 1950 οντα

276 1973 386 2033 πολλῶν
401 1964 448 2031 καὶ
461 1973 589 2074 ηεχνιτιβη
602 1974 689 2032 δεῖται
696 1971 849 2075 μαγείρων,
864 1965 911 2032 6066
921 1968 1017 2033 άάντα
1029 1972 1132 2044 ἐκεῖνα,
1148 1968 1205 2034 όσα
1223 1971 1452 2051 ἐκτεθηλυμίνων

277 2051 442 2157 ἀνθρηίπων
456 2049 495 2124 64
508 2054 619 2178 θηράγιέ
632 2053 745 2154 μεγάλῳ
758 2079 793 2132 τη
783 2055 970 2158 ε’πιθογμά’
954 2081 985 2117 εκ
995 2053 1090 2135 πάσης
1101 2055 1263 2129 πλεονεξίας
1273 2057 1451 2162 πορισθέντα

276 2135 464 2241 ι’τοιμάζετμης
485 2135 613 2219 πλίγν’6
576 2163 593 2234 η
636 2134 772 2243 τοιηιότη
769 2162 802 2200 σε
819 2139 978 2218 προαίρεσις
997 2135 1197 2240 60166066660'
1182 2163 1249 2210 ισως
1265 2138 1303 2220 μίγ
1322 2141 1453 2202 συνιέντα

276 2217 324 2285 καὶ
342 2220 391 2283 τὸν
406 2220 472 2324 ε’μδν
487 2221 643 2326 ἀγνοοηντα
662 2219 772 2324 βίοη,’
754 2246 797 2284 οτι
821 2219 898 2323 άρτῳ
916 2221 993 2302 μόνῳ
1008 2248 1056 2284 και
1048 2219 1179 2296 ’ἐλαίαις
1189 2227 1313 2330 χρῶμαι
1315 2219 1364 2286 καὶ
1378 2247 1452 2286 σπα·

276 2306 342 2375 νόινς
355 2303 495 2407 λαχάνοις,
511 2301 558 2368 καὶ
571 2303 615 2368 ότι
629 2304 736 2386 ἱμάτιόν
750 2330 796 2385 μοι
809 2331 856 2368 και
871 2305 1033 2412 τριβώνιον
1021 2305 1138 2405 υπάρχει
1152 2311 1235 2413 ηούτο
1248 2306 1330 2382 αὐτὸ,
1344 2307 1362 2370 ὃ
1378 2333 1452 2383 περι

277 2395 307 2472 β
296 2390 419 2471 βλνμαι,
434 2385 481 2452 καὶ
496 2390 592 2492 ἑτέρου
605 2390 698 2494 χρείαν
713 2389 762 2452 οὐκ
763 2390 848 2496 ἔχω,
854 2389 917 2494 οὐδὲ
931 2391 1029 2454 ἄλλων
1039 2415 1128 2494 τινηνγ.
1147 2392 1175 2454 ἐν
1188 2389 1245 2495 γάρ
1259 2391 1371 2463 τούτοις
1385 2389 1452 2455 καὶ7

276 2472 480 2579 περισσεύομαι.
494 2499 510 2537 ο
525 2499 589 2544 νους
604 2473 661 2572 γάρ
669 2499 723 2600 μου
737 2473 776 2536 τά
790 2477 848 2536 ἐκεῖ
858 2473 954 2579 πάητα
965 2472 1048 2577 βρῶν
1056 2474 1156 2538 αἰώνια
1175 2474 1291 2580 ηίγαθά
1299 2475 1379 2598 06666
1394 2501 1452 2539 των

277 2666 325 2744 ηαι
316 2637 527 2745 θαημάζαην’
511 2667 630 2713 επαινω,
649 2645 710 2713 πῶς
729 2641 799 2722 ἀνὴρ
813 2643 843 2704 ἐκ
860 2647 1018 2705 πολυτελων
1032 2650 1110 2746 εβων
1108 2669 1257 2749 υπαρχων
1271 2645 1379 2749 ῥαδίως
1392 2655 1452 2718 τοῖς

276 2724 439 2804 ἀναγκαίοις
457 2723 505 2828 τόν
524 2749 643 2788 σεαυτου
631 2723 826 2827 ὑπήλλαξας
844 2723 944 2808 βίον.
930 2735 1009 2828 ημεῖς
1026 2725 1080 2808 γὰρ
1098 2729 1129 2790 ἐκ
1148 2729 1272 2831 παίδων,
1287 2726 1341 2833 ε’γιβ
1357 2725 1451 2792 τεκαὶ

274 2805 436 2887 Ἀνδρίας
423 2832 440 2870 ο
455 2806 586 2886 σι’νναιμος
605 2805 652 2908 καί
660 2809 746 2912 κατὰ
763 2809 835 2912 θεὸν
854 2807 1009 2910 ἀδελφός”
988 2837 1026 2872 ων
1041 2810 1118 2890 ε’μὺς,
1134 2811 1167 2875 οὐ
1180 2811 1264 2936 μόνοη
1278 2813 1307 2875 60
1322 2813 1450 2920 ὀρφανία

276 2890 511 2994 ἀματραφίντες,
508 2888 640 2954 ἀλλὰκαὶ
654 2889 709 2954 ὑπὸ
720 2892 818 2962 πενίας
832 2890 878 2955 καὶ
890 2895 1040 3019 κακουχίας
1051 2895 1090 2966 είς
1100 2897 1244 3001 ἐργατείοιν
1251 2896 1450 3000 8ε’θισθεήντες

275 2971 402 3049 εὐμοιρως
416 2975 463 3074 ηὐν
478 2971 531 3076 τάς
544 2977 601 3038 τῶν
615 2972 687 3037 ὑδων
702 2977 819 3056 φέρομεν
833 2975 982 3049 σκόλσεις.9
1000 2976 1072 3040 ὅθεν
1090 3003 1113 3042 ει
1110 2979 1246 3042 ’ἐπείθου
1260 3004 1320 3060 μοι,
1326 2979 1398 3062 ’ἐμοὶ
1414 2981 1451 3044 60

276 3077 486 3134 συγκεχωρηκεις
500 3056 538 3118 τὰ
552 3055 656 3119 δοόλων
671 3057 849 3139 ἀποπληροῦν
863 3086 907 3124 σοι
919 3063 997 3144 με’ρη.

359 3161 489 3222 LXXV.
531 3163 601 3270 Ἐγὼ
620 3161 688 3229 66'
653 3165 793 3272 6606064
814 3169 967 3251 σύντρομος
983 3170 1111 3278 ε’γεηόμην
1133 3167 1180 3236 καλ
1204 3173 1421 3254 ἐπιδακρυς,
1389 3201 1449 3238 σιον

274 3244 364 3348 λόχον
374 3245 480 3309 εἶπεν
463 3272 547 3354 ανηρ,
568 3241 601 3312 οὐ
618 3248 723 3324 πάντες
741 3251 769 3314 σι’
782 3256 831 3356 της
850 3258 897 3318 νῦν
915 3259 1011 3357 γενεάς
1022 3255 1186 3359 άνβρωποι
1195 3259 1235 3336 τιβ
1250 3261 1301 3338 τῆς
1321 3258 1451 3356 γνοόσεως

274 3355 321 3394 και
336 3327 476 3412 εὐσεβείας
489 3332 562 3414 λόγῳ
577 3331 705 3438 ίγττιιννιις1
724 3335 915 3444 ’τυγχάνουσιν
932 3337 948 3400 6
968 3335 998 3401 δὲ
1017 3338 1082 3402 6660
1101 3365 1135 3419 με
1153 3338 1308 3420 σόνδακρυν
1326 3367 1387 3404 των
1403 3349 1451 3406 δα-

274 3413 361 3516 κρύων
375 3414 498 3480 ε’πύθετο
512 3415 562 3517 666
578 3419 679 3480 αἰτίαν
695 3418 772 3521 6666
787 3420 868 3519 ἔφην
883 3423 915 3484 τί
922 3426 1047 3526 τοφύτον
1057 3421 1190 3526 ἥμαρτον,
1205 3451 1252 3487 ινα
1261 3449 1310 3505 μοι
1324 3432 1452 3490 τοιοῦτον

273 3495 352 3576 α’πης
362 3496 464 3601 λόγοης
483 3496 530 3564 καὶ
545 3498 988 3585 611666046666666660'66'660
1003 3511 1097 3578 κακῶς
1117 3504 1213 3614 είρηκηι
1227 3509 1280 3571 66²
1299 3514 1456 3574 δουλεῦσαί

273 3603 324 3652 σοι,
340 3581 376 3642 σύ
382 3587 496 3684 πρῶτος
505 3579 633 3688 ἥμαρτες,
645 3590 727 3649 τοιίτο
738 3559 815 3666 ε’μύὶ3
829 3592 943 3668 ποιησαι
954 3589 1085 3664 ἀξιώσας.
1100 3591 1179 3673 κάγὼ
1192 3593 1272 3673 ἔφην
1288 3593 1340 3673 οὐχ
1351 3593 1452 3675 ὅμοίον

273 3664 357 3758 ἐστιν
374 3660 431 3742 ἐμοὶ
445 3664 494 3767 μὲν
508 3667 562 3747 γὰρ
576 3671 659 3730 τοῦτο
672 3679 759 3732 ποιεῖν
771 3672 867 3749 πρέπει
881 3671 964 3746 πάνυ,
980 3698 1025 3780 006
1015 3671 1069 3736 66
1082 3679 1122 3753 τβ
1138 3701 1189 3738 του
1176 3679 1270 3740 θεοῦ
1285 3675 1382 3758 κη’ρυκι
1396 3679 1452 3784 τάς

273 3741 407 3822 ἡμετέρας
421 3746 536 3848 σώζονηι
550 3750 646 3845 φυχάς
659 3753 781 3856 χαλεπὸν
800 3759 882 3858 τρύτο
901 3766 988 3819 ποιεῖν
1008 3759 1088 3861 ἐμοί.
1096 3755 1143 3821 καὶ
1162 3757 1178 3822 6
1200 3761 1356 3840 Πε’τρος’
1337 3766 1451 3842 απεκρί-

272 3839 353 3928 ηατο
374 3852 390 3889 ο
388 3853 495 3928 κυριος
509 3829 585 3911 ν’γμών
599 3832 672 3896 6¹⁵
656 3831 701 3896 επὶ
719 3838 842 3937 σωτηρίᾳ
861 3840 969 3910 παντὸς
988 3845 1037 3904 τοι]
1055 3841 1160 3922 κόσμου
1174 3844 1339 3949 ἐληληθώς,
1363 3847 1452 3926 μόνος

271 3905 341 3988 ὑπὲρ
354 3907 466 3982 πάντας
480 3913 587 4013 εὐγενὴς
601 3914 649 3989 60,
663 3917 814 3982 δουλείαν
802 3923 953 3999 ὑπέμεινεν,
972 3921 1019 3986 ίνα
1037 3923 1113 4028 ἡμας
1131 3927 1212 4006 πείση
1226 3927 1265 4009 μὴ
1281 3929 1452 3994 αἰδεῖσθαι5

271 4001 330 4062 τοῖς
342 3992 500 4098 ἀδελφοῖς
487 4000 565 4076 ημῶν
579 3998 632 4068 τὰς
646 3999 750 4064 δούλων
764 4012 851 4066 ποιεῖν
864 4002 1030 4086 ὑπηρεσίας,
1054 4006 1110 4113 κάη
1126 4009 1202 4113 πάνυ
1217 4010 1335 4092 εὐγενεῖς
1349 4015 1451 4120 τυγχά·

271 4099 374 4176 ηωμεν.
382 4075 460 4171 κάγὼ
474 4078 553 4174 ἔφην
573 4082 601 4141 εἰ
610 4107 659 4160 μεν
673 4083 774 4161 νομίζω
793 4110 826 4148 σε
838 4113 947 4168 νικνσαι
960 4089 1074 4170 λόγῳ,’
1058 4091 1177 4199 ηινόητός
1192 4097 1257 4175 εἰμι’
1281 4097 1352 4180 πλνγν
1367 4099 1450 4181 χάριν

272 4154 326 4230 ε’χω
340 4159 375 4235 06
389 4162 439 4218 τοῦ
453 4163 525 4221 θεοῦ
539 4165 665 4244 προνοίᾳ,
681 4164 724 4226 ότι
739 4191 770 4228 σε
784 4169 823 4239 εἰς
838 4173 938 4249 γονέων
952 4171 1039 4236 τόπον
1055 4176 1123 4256 ἔχειν
1138 4177 1331 4262 κατηξιώθην.
1401 4203 1405 4210 “

355 4262 500 4323 LXXVI
542 4265 640 4331 K0666
624 4274 774 4371 οΙΙίτρος
792 4277 981 4342 ἐπυνθάνετο·
1002 4279 1092 4355 οὐδεὶς
1112 4287 1146 4348 66
1161 4311 1213 4350 σου
1232 4287 1366 4398 ἀληθῶς
1377 4295 1449 4374 πρὸς

271 4341 364 4418 γε’νους
383 4341 514 4422 ὑπάρχεις
533 4349 611 4428 κάγὼ
629 4352 832 4435 ἀπεκρινάμην·
853 4357 990 4424 εἰσίν1
956 4391 1007 4442 μεν
1026 4364 1123 4430 πολλοὶ
1142 4365 1190 4432 καὶ
1208 4371 1325 4452 μεγάλω
1345 4376 1448 4457 ἄνδρες
