3114 4896
568 317 723 366 nrrronn
740 315 852 366 nmen.
1246 299 1287 363 51

109 463 267 518 Matthidia
285 463 449 530 dicebatur,
466 467 549 532 pater
564 468 659 516 autem
675 461 813 530 Faustus,
832 461 934 516 fratres
951 477 1017 516 vero
1034 461 1107 516 alter
1123 461 1287 531 Faustinus,

108 533 180 586 alter
196 531 406 585 Faustinianus
424 529 607 584 vocabantur.
650 529 721 584 Cum
741 530 831 601 igitur
852 529 952 584 tertius
974 546 1029 600 ego
1049 535 1115 598 post
1135 547 1183 584 eos
1203 538 1287 586 natus

109 616 207 665 essem,
225 604 332 664 mater,
356 598 591 668 quemadmodum
610 603 694 678 pater
708 598 863 664 referebat,
886 597 1024 651 somnium
1040 597 1123 663 vidit,
1141 599 1287 668 quodnisi

108 665 259 720 confestim
278 665 434 735 assumptis
453 665 563 718 duobus
581 663 649 718 filiis
668 665 726 718 suis
739 665 862 736 geminis
874 665 964 719 Roma
981 664 1150 718 decennium
1162 665 1286 734 abesset,

107 735 168 805 ipsa
180 751 245 787 eum
259 733 296 786 iis
309 739 399 787 morte
412 733 537 802 pessima
550 740 627 786 esset
639 733 796 788 interitura.

169 801 322 856 LXXVII.
358 801 447 854 Pater
464 801 567 871 igitur,
586 801 634 870 qui
646 801 798 855 liberorum
817 817 914 854 amans
927 805 1001 866 erat,
1016 817 1079 854 cum
1092 800 1181 854 servis
1195 807 1225 854 et
1237 819 1284 855 an-

105 869 178 923 cillis
199 887 235 924 ac
254 869 323 923 dato
342 867 500 922 sufficienti
516 868 622 922 viatico
640 869 670 922 in
686 885 788 922 navem
807 867 955 938 impositos
972 867 1102 922 Athenas
1120 868 1207 923 etlam
1225 887 1285 923 eru·

107 937 224 990 diendos
243 937 339 1003 misit3
357 954 402 990 me
418 953 484 990 vero
502 937 593 989 solum
610 937 647 990 ad
664 935 888 990 consolationem
907 952 1003 990 secum
1022 936 1148 989 retinuit.
1189 935 1285 1007 Atque

106 1022 164 1058 eam
181 1005 218 1058 ob
234 1022 297 1058 rem
314 1004 448 1076 ingentes
466 1003 574 1075 gratias
588 1021 652 1124 agio,
672 1005 748 1072 quod
764 1020 809 1056 me
827 1020 937 1074 quoque
951 1003 1089 1057 somnium
1102 1021 1158 1058 non
1171 1004 1286 1059 iusserit

105 1091 158 1126 una
171 1089 237 1125 cum
251 1077 342 1125 matre
354 1072 423 1124 urbe
436 1071 526 1125 Roma
539 1089 607 1125 exce
630 1089 684 1126 ere.
719 1071 821 1141 Itaque
834 1088 867 1126 eo
880 1088 953 1126 anno
971 1077 1116 1126 transacto
1128 1078 1211 1142 pater
1223 1074 1282 1126 suis

105 1139 231 1194 Athenas
249 1139 331 1192 misit
347 1139 498 1208 pecuniam
516 1139 601 1192 simul
618 1157 790 1210 cognoscere
808 1139 947 1210 gestiens,
966 1156 1020 1208 quo
1038 1140 1121 1194 modo
1137 1141 1198 1194 vita
1216 1157 1283 1212 age-

105 1213 172 1262 rent.
218 1207 277 1271 Qui
304 1213 400 1260 autem
420 1207 563 1272 abierant,
589 1225 646 1262 non
670 1207 823 1262 redierunt.
868 1207 968 1261 Tertio
992 1225 1087 1260 rursus
1109 1224 1183 1261 anno
1203 1215 1286 1279 pater

104 1275 201 1329 anxius
230 1274 307 1328 alios
332 1274 480 1344 ablegavit
501 1275 633 1329 similiter
656 1293 719 1329 cum
739 1275 824 1329 rebus
846 1275 883 1328 ad
902 1275 1010 1328 victum
1031 1275 1215 1343 necessariis;
1237 1277 1284 1346 qui

106 1349 202 1412 quarto
222 1359 299 1396 anno
316 1341 437 1395 redeunt
453 1359 487 1396 ac
503 1342 654 1410 nunciant,
672 1360 702 1397 se
720 1359 772 1396 nec
790 1348 908 1396 matrem
924 1359 1029 1409 meam,
1046 1359 1100 1395 nec
1120 1341 1221 1397 fratres
1239 1361 1284 1396 us-

106 1409 322 1489 quam-vidisse,
335 1426 427 1479 neque
439 1410 527 1462 ullius
541 1427 645 1478 eorum,
659 1411 707 1480 qui
720 1428 783 1464 eum
795 1411 831 1463 iis
850 1410 1053 1476 discesserant,
1071 1410 1117 1464 vel
1129 1409 1284 1483 vestigium

108 1495 136 1531 re
157 1495 257 1531 ensse.

136 1497 286 1600 pLXXV
287 1543 339 1596 III.
375 1545 456 1599 Haec
473 1562 540 1616 ergo
558 1545 676 1600 audiens
694 1551 775 1616 pater
793 1551 822 1599 et
837 1561 905 1614 prae
922 1544 1011 1598 multo
1033 1544 1129 1598 dolore
1147 1545 1280 1614 obstupe·

105 1611 195 1666 factus
209 1612 411 1682 nesciensque,
444 1630 480 1666 uo
493 1629 588 1666 eorum
597 1614 820 1684 quaerendorum
831 1629 917 1666 eausa
927 1611 1067 1682 tenderet,
1080 1629 1174 1666 assum
1195 1619 1225 1666 to
1238 1630 1282 1666 me

104 1697 135 1734 ac
149 1681 180 1733 in
190 1681 313 1734 Portum
326 1629 503 1734 decessisses
516 1679 692 1750 frequentius
703 1680 913 1746 sciscitabatur,
924 1679 974 1733 ubi
984 1679 1125 1760 quispiam
1137 1631 1282 1734 velvidis-

105 1754 146 1802 set
165 1748 215 1802 vel
235 1747 396 1801 audivisset
418 1748 493 1801 intra
513 1753 646 1818 quattuor
666 1765 755 1802 annos
778 1748 957 1818 naufragium
979 1749 1144 1818 contigisse.
1188 1745 1283 1817 Atque

104 1816 171 1869 varii
184 1815 266 1869 vario
280 1814 310 1867 in
322 1815 386 1868 loco
399 1815 541 1870 accidisse
560 1815 729 1870 referebant.
765 1816 818 1869 Ille
837 1823 933 1870 autem
950 1815 1052 1869 iterum
1063 1816 1198 1886 rogabat,
1217 1833 1284 1868 num

103 1882 246 1936 vidissent
260 1899 309 1936 eor
329 1901 362 1934 us
379 1883 506 1937 mulieris
524 1901 588 1936 cum
604 1883 699 1953 pueris
716 1884 860 1938 interram
872 1901 889 1938 a
901 1884 971 1938 mari
989 1883 1119 1938 eiectum.
1157 1883 1283 1953 Cumque

103 1951 182 2004 multi
206 1967 239 2004 se
260 1901 352 2004 mulla
374 1950 493 2004 diversis
515 1951 689 2020 temporibus
711 1951 849 2006 cadavera
870 1958 1016 2022 spectasse
1039 1952 1180 2018 dicerent,
1202 1958 1284 2022 pater

103 2019 221 2072 audiens
236 2017 453 2088 ingemiscebat.
488 2016 593 2072 Verum
609 2019 731 2073 naturali
744 2019 849 2074 affectu
868 2019 997 2073 devictus
1014 2025 1128 2089 praeter
1146 2020 1285 2074 rationem

102 2085 339 2154 percontabatur,
363 2086 412 2155 qui
431 2091 544 2140 tantum
564 2085 649 2140 maris
669 2086 839 2156 profundum
861 2087 979 2141 scrutari
1001 2093 1162 2155 conaretur3
1184 2093 1281 2142 tamen

102 2153 184 2206 venia
197 2153 307 2224 dignus
320 2159 388 2220 erat,
406 2155 481 2222 quod
493 2154 612 2208 caritate
626 2171 722 2208 eorum
739 2173 808 2224 quos
826 2155 980 2225 quaerebat
998 2155 1102 2234 spebus
1120 2155 1283 2210 laetabatur

103 2219 244 2274 inanibus.
263 2220 397 2290 Denique
410 2239 454 2275 me
468 2222 519 2275 sub
532 2222 676 2293 magistris
689 2229 718 2276 et
729 2223 956 2293 procuratoribus
968 2223 1133 2292 relinquens
1145 2223 1201 2278 iam
1215 2223 1282 2276 duo-

104 2287 195 2342 decim
208 2305 301 2342 annos
313 2296 410 2342 natum
423 2289 485 2359 ipse
498 2289 528 2342 in
539 2289 656 2342 Portum
673 2289 744 2345 flens
757 2290 921 2356 descendit,
939 2291 1061 2359 navique
1079 2307 1235 2346 conscensa
1247 2291 1284 2345 ad

103 2355 216 2408 illorum
234 2355 450 2424 inquisitionem
467 2357 645 2428 enavigavit,
666 2363 752 2428 atque
769 2376 803 2412 ex
820 2375 853 2411 eo
870 2363 997 2427 tempore
1013 2374 1103 2427 usque
1120 2359 1212 2412 adhue
1230 2375 1284 2411 nee

103 2423 214 2478 litteras
228 2423 265 2476 ab
280 2440 313 2477 eo
326 2423 434 2494 accepi,
448 2441 501 2478 nec
514 2425 588 2478 inter
599 2425 679 2478 vivos
692 2443 729 2478 an
742 2425 816 2479 inter
828 2431 952 2478 mortuos
966 2425 1004 2477 sit
1016 2441 1129 2504 prorsus
1141 2425 1215 2478 novi.
1239 2425 1282 2477 Eo

102 2497 197 2544 tamen
215 2492 283 2560 plus
295 2509 375 2545 mens
392 2508 455 2545 mea
470 2492 640 2562 propendet,
654 2499 686 2546 ut
699 2492 871 2554 existimem,
886 2509 949 2545 eum
969 2492 1075 2545 obiisse
1096 2492 1142 2545 vel
1163 2491 1283 2544 tristitia

103 2565 268 2628 superatum
280 2560 327 2612 vel
339 2559 488 2631 naufragio
501 2559 667 2614 involutum.
703 2559 765 2622 Qua
782 2560 813 2612 in
823 2575 853 2612 re
866 2558 920 2613 hoc
933 2564 997 2612 utor
1008 2564 1188 2628 argumento,
1207 2559 1283 2628 quod

102 2625 156 2744 ἰὲαα
168 2627 206 2680 ab
221 2643 256 2680 eo
268 2631 394 2705 tempore
407 2627 563 2698 vigesimus
576 2645 667 2682 annus
681 2627 727 2694 sit,
742 2643 777 2681 ex
789 2644 843 2697 quo
857 2627 966 2680 nullum
977 2625 1107 2680 veritatis
1126 2625 1282 2698 vestigium

123 2711 185 2748 eeo
199 2711 271 2748 acce
294 2712 310 2745 1.

170 2761 196 2812 L
307 2803 312 2812 .
346 2759 416 2814 Cum
433 2761 503 2816 haec
526 2761 656 2816 audisset
667 2762 783 2829 Petrus,
803 2759 1057 2816 commiserationis
1077 2759 1184 2814 affeetu
1202 2760 1284 2814 lacri-

105 2846 164 2882 mas
176 2829 257 2882 fudit
270 2829 423 2899 statimque
436 2830 473 2884 ad
485 2829 640 2884 familiares
654 2830 702 2899 qui
714 2831 833 2884 aderant
846 2829 933 2882 dixit:
953 2828 982 2883 Si
996 2829 1059 2898 quis
1071 2828 1136 2898 piae
1144 2829 1280 2900 religioni

102 2895 218 2949 deditus
232 2897 277 2948 vir
289 2914 324 2950 ea
335 2898 511 2966 pertulisset,
525 2914 597 2966 quae
609 2897 693 2951 huius
702 2904 800 2978 pater,
815 2897 949 2952 continuo
961 2896 1101 2968 religioni,
1107 2896 1154 2950 vel
1167 2897 1282 2952 diabolo

103 2964 308 3034 adscripsisset
330 2982 452 3018 causam.
497 2965 543 3018 Ita
564 2965 651 3018 etiam
671 2966 782 3020 miseris
804 2964 970 3020 Gentilibus
990 2965 1052 3036 pati
1072 2964 1230 3037 contingIt,
1253 2970 1282 3020 et

103 3030 269 3102 ignoramus
283 3032 331 3112 qui
343 3033 384 3102 pii
397 3049 465 3104 erga
477 3032 571 3086 Deum
584 3050 686 3086 sumus.
714 3033 771 3087 Eos
781 3039 876 3088 autem
888 3034 1006 3088 miseros
1016 3032 1116 3087 meritc
1129 3033 1282 3114 appellavi²

103 3099 167 3168 quia
180 3099 272 3153 ethic
286 3119 316 3152 1n
329 3117 420 3154 errore
431 3105 592 3166 versantur,
611 3105 640 3154 et
662 3119 711 3172 spe
725 3100 819 3156 futura
832 3102 973 3156 excidunt.
1010 3100 1129 3166 Quando
1143 3101 1218 3155 enim
1230 3101 1284 3154 viri

102 3167 234 3287 relqgiosi
257 3165 425 3221 afficiuntur
447 3167 648 3235 incommodis,
674 3186 708 3224 ea
731 3169 790 3222 illis
813 3171 850 3224 ad
872 3169 1039 3224 delictorum
1061 3169 1283 3239 persolutionem

106 3251 137 3288 ce
158 3240 220 3288 unt.
581 3256 588 3276 α

168 3301 295 3355 LXXX.
320 3302 404 3358 Hunc
418 3302 449 3356 in
461 3302 574 3358 modum
586 3302 682 3359 locuto
694 3304 780 3358 Petro
792 3321 865 3356 unus
878 3321 912 3357 ex
924 3302 1030 3356 nostris
1042 3302 1163 3356 audacia
1173 3307 1285 3371 sumpta

101 3467 288 3478 *t*—

111 3573 181 3644 -9)
196 3576 312 3641 ἐξαυτῆς
324 3577 392 3626 deest
407 3577 540 3638 inG,ubi
554 3577 675 3644 λαβοῦσα
719 3594 743 3642 c,
758 3574 782 3626 8.
804 3603 836 3610 —
857 3569 915 3640 3)ἢ
935 3575 1040 3624 accessit
1060 3591 1090 3626 er
1108 3574 1194 3624 BOD.
1223 3575 1284 3624 Mox

105 3661 130 3709 p.
151 3644 359 3710 παραλαβοῦσα.
382 3671 415 3678 -
436 3641 479 3703 10)
492 3641 674 3713 ἀποδημῆσαι
717 3639 833 3696 ἀκούσαι
850 3661 875 3710 p.
888 3636 1034 3698 ἀκούσειεν
1047 3644 1122 3694 Turn.
1142 3671 1175 3678 -
1194 3638 1250 3712 4)ἐ
1268 3674 1281 3682 -

105 3713 150 3762 BC
160 3714 198 3772 D,
212 3712 255 3761 cui
266 3711 371 3762 lectioni
383 3711 449 3762 favet
461 3717 548 3762 nostra
560 3713 629 3778 Epit.
643 3739 675 3747 -
716 3715 913 3782 βεβρασμένων
924 3717 1048 3763 mutatum
1059 3713 1087 3762 in
1097 3711 1279 3782 ἐκβεβρασμέ-

105 3776 145 3837 11)
159 3781 342 3846 πανολεθρίῳ
355 3779 406 3828 (ID.
718 3796 770 3832 νον
781 3783 817 3843 Β,
836 3781 1061 3850 ἐκβεβρασμένων
1073 3781 1100 3831 C.
1121 3808 1154 3816 —
1170 3779 1196 3845 5)
1210 3798 1282 3832 κεκι-

153 3847 217 3912 Cap.
231 3843 369 3897 LXXVII.
396 3844 420 3906 1)
436 3849 496 3904 τοῖς
507 3841 597 3896 αὐτοῦ
608 3846 673 3897 BGD
718 3849 838 3915 νημένος
850 3850 914 3899 BOD
927 3855 952 3897 et
963 3849 995 3898 al.
1008 3864 1047 3929 sp.
1058 3849 1111 3898 Cot.
1129 3875 1162 3883 —
1178 3847 1205 3907 6)
1219 3843 1280 3912 παρ’

106 3921 132 3962 ut
143 3919 251 3978 uterque
261 3920 361 3964 nostrae
371 3914 440 3979 Epit.
451 3913 511 3964 uod.
521 3912 590 3976 —‘2)
602 3910 673 3984 μήτε
717 3912 804 3966 αὐτοῦ
815 3932 862 3965 om.
876 3919 904 3965 B.
918 3941 951 3948 -—
964 3912 989 3978 7)
1003 3911 1059 3966 οὐτ’
1075 3917 1130 3978 OD,
1144 3911 1201 3967 οὔτ’
1216 3917 1241 3966 εἰ
1251 3919 1282 3976 Β,

105 3977 161 4046 μὴν
173 3977 272 4038 αὐταῖς
291 3981 367 4041 (haud
384 3981 458 4032 dubie
479 3981 613 4044 legendum
625 3978 675 4032 nii-
719 3977 776 4032 οὔτ’
791 3977 828 4040 ὠς
845 3983 877 4032 al.
890 3999 930 4048 ap.
943 3983 997 4032 Cot.
1015 4011 1047 4018 -
1068 3981 1093 4046 8)
1110 3984 1215 4034 πλείων
1226 3987 1284 4046 post

108 4042 172 4104 τοὺς
189 4064 211 4096 c.
229 4049 306 4096 Hom.
324 4039 387 4108 XII,
409 4045 425 4097 9
442 4054 467 4098 et
487 4053 574 4098 nostra
592 4044 674 4116 Epit.)
719 4047 844 4108 διανοίας
856 4053 910 4100 enh.
925 4049 953 4099 G.

101 4110 230 4178 Ἀθήναις
247 4114 482 4182 ἐπιδεδημηκέναι
500 4117 575 4166 inser.
598 4117 674 4166 BOD
770 4117 830 4182 Cap.
843 4117 964 4166 LXXIX.
996 4113 1021 4180 1)
1036 4111 1094 4168 ὑπὸ
1108 4113 1156 4179 τῆς
1168 4127 1282 4181 συμπα-

110 4183 176 4231 stul.
189 4197 230 4247 ap.
245 4181 300 4233 Cot.
718 4185 797 4240 θείας
813 4185 839 4234 0.
858 4211 891 4218 -
907 4178 934 4249 2)
952 4177 969 4248 ἢ
986 4183 1069 4248 recepi
1093 4197 1122 4230 ex
1145 4182 1283 4231 Onostrae

157 4249 217 4315 (lap.
235 4249 383 4299 LXXVIII.
412 4245 439 4316 1)
463 4246 554 4316 πατὴρ
576 4267 623 4300 om.
647 4251 673 4300 Ο.
718 4251 788 4316 Epit.
807 4251 858 4300 cfr.
871 4255 948 4299 nostr.
966 4251 1042 4298 Hom.
1060 4248 1098 4298 ed.
1111 4248 1171 4310 XII,
1185 4245 1216 4298 11
1229 4253 1282 4300 not.

110 4341 141 4350 -
163 4310 192 4382 2)
213 4316 302 4366 Intelli
320 4333 333 4364 e
354 4317 460 4366 Portum
481 4320 622 4368 Romanurn
644 4317 675 4366 ad
717 4313 741 4368 8.
755 4314 824 4377 -3)
840 4317 924 4367 olom.
937 4317 967 4364 D.
985 4343 1018 4352 -
1033 4312 1061 4377 4)
1078 4317 1123 4367 καὶ
1140 4311 1281 4368 ταλαιπώ-

107 4381 205 4432 Tiberis
217 4383 284 4432 ostis
296 4332 405 4450 ὧεῐίαε)
423 4385 505 4434 situm.
535 4385 585 4434 Cfr.
600 4401 675 4450 supra
720 4403 786 4454 ρους
798 4387 827 4438 Β.

1079 4465 1107 4506 4*
