3114 4896
553 297 707 348 armona
724 297 835 348 Paroa
1242 283 1284 346 49

107 450 317 498 consectantes.
354 442 438 497 Unde
456 461 511 514 ego
528 461 642 524 prorsus
660 443 715 498 tibi
733 461 793 497 sum
806 451 890 514 aptus
903 444 1013 498 itineris
1027 426 1135 512 coines,
1154 463 1238 526 aquo
1256 455 1285 501 et

105 511 255 566 maximam
267 511 356 565 inibis
370 510 501 582 gratiam,
516 529 541 565 s1
553 511 713 566 ministeria
726 528 867 565 servorum
880 511 958 566 obire
971 511 1040 564 mihi
1053 511 1221 590 permiseris.

169 577 306 632 LXXIV.
342 577 405 632 Hoc
425 579 524 632 audito
542 579 644 632 Petrus
664 597 727 632 cum
744 579 802 632 leni
821 580 882 632 risu
899 578 985 632 dixit:
1011 579 1086 643 Quid
1103 597 1170 650 ergo
1191 591 1284 650 putas,

105 646 252 711 Clemens,
270 646 346 716 quod
359 663 416 700 non
428 652 457 699 te
471 646 534 716 ipsa
546 646 706 700 necessitas
719 647 749 699 in
761 663 904 700 servorum
916 645 1042 700 ordinem
1059 647 1192 718 rediget?
1211 648 1283 702 Nam

104 715 166 784 quis
183 713 257 766 mihi
273 713 423 784 elegantes
440 731 474 768 ac
492 713 597 767 multas
617 714 751 768 sindones
768 731 831 767 cum
844 713 987 768 adiunctis
1005 714 1118 768 annulis
1136 721 1165 768 et
1179 707 1284 769 calbeis

102 780 267 836 custodiet?
298 781 368 846 Quis
390 799 456 836 vero
480 787 509 835 et
532 781 630 836 suavia
647 781 845 852 exquisitaque
863 782 982 850 opsonia
998 783 1194 852 praeparabit,
1212 800 1284 852 quae

102 867 165 902 curn
181 849 262 902 varia
279 849 353 915 sint,
371 848 477 902 multos
495 866 529 902 ac
547 850 666 902 solertes
685 866 790 918 coquos
807 848 967 918 postulant,
986 859 1015 903 et
1033 850 1126 904 omnia
1143 850 1194 904 illa
1231 868 1283 905 uae

104 923 239 986 tanquam
253 915 370 969 immani
382 915 493 970 bestiae
507 916 661 986 cupiditati
674 934 710 986 ap
731 915 865 970 arantur?
892 915 949 970 Sed
961 917 1056 970 forsan
1068 917 1140 972 haec
1152 924 1181 971 te
1195 936 1228 971 su
1249 919 1284 972 iit
1377 931 1386 948 ·

103 984 260 1048 sententia,
279 984 355 1052 quod
371 1001 428 1037 non
445 984 621 1037 intellexeris
640 1001 695 1053 quo
717 1001 770 1052 que
787 983 916 1054 ignores,
938 985 1015 1039 vitae
1038 1001 1116 1039 meae
1133 986 1282 1052 rationem,

103 1053 150 1121 qui
163 1051 223 1105 solo
236 1068 312 1121 pane
326 1056 355 1104 et
368 1051 452 1104 olivis
464 1057 527 1104 utor
539 1067 657 1120 raroque
670 1052 804 1117 oleribus,
818 1051 922 1122 quique
934 1070 1020 1105 unum
1030 1052 1121 1107 habeo
1131 1054 1283 1108 vestimen-

102 1125 161 1172 tum
172 1137 206 1172 ac
219 1119 342 1188 pallium
356 1118 413 1172 boc'
421 1119 529 1188 ipsum,
547 1135 602 1198 quo
615 1118 737 1172 amictus
751 1137 824 1185 sum,
845 1124 874 1172 et
892 1119 949 1174 alio
968 1138 1038 1190 opus
1051 1139 1108 1175 non
1119 1120 1221 1188 habeo,
1235 1139 1282 1176 nc-

103 1205 156 1256 que
167 1187 228 1240 ulla
240 1203 279 1240 re.
316 1186 390 1241 Nam
407 1185 436 1238 in
453 1185 498 1238 his
517 1191 603 1240 etiam
622 1186 734 1240 abunde
751 1187 820 1240 mibi
839 1193 890 1240 est.
925 1186 991 1242 Mea
1008 1187 1113 1258 quippe
1132 1206 1211 1242 mens
1225 1207 1282 1243 cer-

104 1272 172 1307 nens
184 1253 250 1307 illic
263 1253 358 1307 omnia
370 1253 445 1307 bona
457 1260 582 1319 aeterna,
597 1254 703 1307 nullius
717 1271 810 1308 eorum
823 1271 895 1324 quae
907 1255 955 1308 hic
968 1261 1034 1308 sunt
1044 1273 1139 1308 curam
1153 1257 1281 1326 suscipit.

104 1321 192 1375 Tuum
209 1327 311 1375 tamen
328 1321 475 1392 egregium
492 1321 655 1374 institutum
674 1321 798 1391 approbo
811 1322 950 1392 mirorque
968 1340 1002 1376 ac
1015 1323 1113 1388 laudo,
1131 1341 1186 1392 quo
1198 1324 1281 1376 modo

103 1389 144 1441 vir
154 1389 183 1442 in
194 1389 260 1443 vita
273 1395 438 1458 sumptuosa
455 1389 592 1442 educatus
610 1389 696 1442 facile
709 1389 825 1443 vivendi
837 1390 976 1443 rationem
993 1390 1186 1444 immutaveris
1204 1391 1282 1444 etad

105 1457 162 1510 sola
173 1456 343 1512 necessaria
354 1457 520 1510 traduxeris.
556 1456 615 1509 Nos
629 1457 733 1576 quippe
747 1475 764 1510 a
775 1473 862 1526 puero
875 1474 929 1527 ego
943 1463 972 1510 et
983 1455 1113 1512 Andreas
1126 1457 1214 1512 frater
1225 1476 1282 1512 non

104 1525 191 1578 solum
213 1525 247 1577 in
268 1523 402 1594 pupillari
424 1524 588 1577 conditione
612 1542 626 1578 e
648 1532 717 1588 uctr,
740 1541 836 1578 verum
857 1526 943 1578 etiam
963 1531 1078 1594 propter
1099 1525 1224 1595 inopiam
1245 1526 1282 1580 ad

104 1592 271 1647 exercitium
289 1591 445 1644 assuefacti
464 1591 597 1661 expedite
616 1609 690 1645 nunc
705 1591 758 1645 has
775 1592 823 1645 lon
846 1610 876 1646 as
895 1591 1010 1645 serimus
1029 1593 1282 1662 peregrinationes.

105 1659 195 1722 Quare
210 1659 236 1711 si
250 1659 380 1712 crederes
393 1659 472 1725 mibi,
486 1676 628 1712 servorum
641 1657 738 1714 officia
750 1676 794 1712 me
807 1610 862 1714 ciiii
875 1660 1037 1729 impendere
1051 1659 1230 1714 concederes.

168 1725 292 1779 LXXV.
313 1725 348 1777 ld
360 1743 413 1796 ego
427 1727 547 1781 audiens
561 1727 717 1780 contremui
730 1733 759 1780 ot
773 1727 975 1793 collacrimavi,
988 1728 1055 1798 quia
1067 1729 1154 1781 talem
1166 1727 1280 1782 habuis·

106 1803 147 1847 set
167 1794 329 1848 orationem
347 1793 403 1859 vir,
423 1811 478 1863 quo
496 1793 593 1847 cuncti
609 1794 693 1847 huius
711 1795 815 1848 aetatis
827 1795 956 1850 homines
973 1796 1082 1849 ratione
1097 1795 1235 1850 scientiae
1249 1813 1282 1849 ac

104 1862 221 1982 pietatis
241 1867 308 1914 sunt
325 1859 481 1915 inferiores.
516 1860 556 1914 At
573 1861 623 1915 ille
643 1879 761 1916 cernens
778 1880 822 1916 me
839 1863 1056 1917 illacrimantem
1075 1881 1189 1918 causam
1200 1881 1282 1934 roga·

124 1937 159 1982 at.
195 1929 263 1999 Ego
276 1934 372 1982 autern
384 1929 421 1982 ad
433 1929 514 1981 illum
528 1935 557 1982 et
570 1929 705 1998 quidnam
717 1931 845 1999 peccavi,
860 1931 983 2001 inquam,
995 1937 1027 1984 ut
1039 1930 1114 1985 hunc
1128 1948 1284 1984 sermonem

105 1995 251 2050 audirem?
283 1995 441 2066 Statimque
458 1997 573 2050 Petrus:
595 1995 624 2050 si
643 1998 716 2051 male
733 1998 846 2054 locutus
864 2018 924 2052 sum
942 2016 1005 2052 cum
1027 1999 1160 2068 proposui
1178 1999 1282 2052 servire

105 2064 166 2130 tibi,
179 2069 213 2116 tu
226 2064 304 2134 prior
317 2063 474 2134 deliquisti,
488 2065 536 2134 qui
548 2063 624 2142 prior
636 2064 666 2118 in
679 2065 773 2118 animo
786 2065 911 2120 habuisti
928 2067 983 2120 hoc
996 2083 1089 2137 agere.
1124 2067 1162 2119 Et
1175 2083 1229 2138 ego
1241 2084 1282 2120 re-

104 2132 217 2202 spondi:
246 2131 313 2187 Non
331 2137 375 2184 est
393 2132 495 2184 similis
506 2140 594 2197 ratio,
609 2131 748 2202 siquidem
761 2150 805 2187 me
817 2135 901 2188 valde
914 2135 997 2188 dccet
1010 2135 1038 2188 iu
1053 2133 1161 2201 facere,
1174 2140 1204 2188 te
1217 2151 1283 2188 vero

104 2200 284 2262 nullatenus,
303 2199 351 2268 qui
370 2217 399 2252 es
412 2198 470 2253 Dei
485 2217 602 2278 praec0,
622 2200 724 2269 cuique
741 2201 849 2256 animas
867 2202 1012 2265 hominum
1023 2219 1140 2272 pascere
1154 2203 1282 2256 commis-

105 2285 163 2320 sum
175 2272 231 2320 est.
262 2265 336 2319 Tum
348 2267 450 2319 Petrus
464 2267 549 2319 drxit:
568 2266 707 2337 Dominus
721 2274 826 2334 noster,
840 2270 889 2339 qui
901 2270 937 2324 ad
951 2272 1071 2324 salutem
1084 2270 1172 2322 totius
1185 2269 1283 2323 mundi

103 2334 188 2400 venit,
202 2334 310 2403 quique
324 2351 395 2386 unus
409 2352 492 2403 supra
505 2341 623 2388 cunctos
636 2352 730 2388 veram
744 2342 773 2389 et
787 2337 875 2390 solam
894 2337 1074 2391 nobilitatem
1088 2337 1212 2403 obtinet,
1227 2354 1282 2390 ser-

103 2402 160 2455 vire
173 2419 208 2455 ac
222 2401 385 2454 ministrare
399 2401 544 2468 sustinuit,
557 2409 588 2456 ut
600 2403 715 2456 doceret
727 2421 787 2468 nos,
800 2421 836 2456 ne
850 2405 1012 2458 indecorum
1024 2411 1155 2472 putemus
1169 2404 1284 2457 servilia

103 2469 263 2523 ministeria
299 2468 414 2522 roximis
432 2469 579 2536 exhibere,
597 2469 725 2539 quamvis
738 2470 849 2523 nobiles
869 2471 969 2536 simus,
988 2471 1116 2539 quamvis
1132 2471 1283 2540 plurimum

104 2553 150 2590 eos
162 2487 379 2590 antecellamus.
415 2537 478 2608 Ego
493 2537 605 2607 excepi:
626 2537 656 2590 Si
670 2536 842 2603 existimem,
861 2539 935 2606 quod
953 2543 981 2590 te
996 2537 1122 2590 oratione
1136 2537 1188 2590 sim
1202 2555 1283 2607 supe-

102 2611 224 2670 raturus,
237 2621 335 2658 amens
350 2604 402 2657 sim
413 2605 499 2675 plane
509 2622 542 2658 ac
556 2605 676 2672 stultus3
688 2609 882 2657 verumtamen
891 2605 999 2675 gratias
1011 2604 1124 2658 divinae
1133 2605 1282 2676 providen—

104 2672 159 2726 tiae
172 2671 278 2736 habeo,
291 2677 320 2724 te
333 2671 395 2726 loco
407 2677 556 2742 parentum
568 2671 638 2724 mihi
652 2671 787 2725 donatum
800 2671 897 2725 fuisse.

170 2737 308 2792 LXXVI.
345 2739 418 2792 Tum
430 2740 532 2792 Petrus
544 2739 665 2805 Verene,
679 2739 780 2808 inquit,
794 2739 888 2792 nullus
901 2739 956 2793 tibi
969 2748 1098 2809 superest
1111 2755 1144 2792 ex
1158 2737 1283 2810 genere?

106 2805 142 2858 Et
154 2824 211 2878 ego
224 2807 385 2875 respondit.
404 2806 476 2861 Sunt
493 2807 607 2877 quidem
623 2806 719 2876 plures
736 2825 770 2860 ac
782 2807 879 2879 magni
896 2807 949 2861 viri
967 2807 1004 2861 ad
1016 2805 1166 2861 Caesarem
1179 2823 1283 2878 genere

105 2875 273 2928 attinentes.
307 2873 381 2927 Nam
396 2875 472 2944 patri
489 2891 551 2928 meo
569 2880 669 2944 utpote
681 2892 738 2928 una
751 2875 871 2930 educato
884 2874 988 2930 Caesar
1003 2892 1117 2929 uxorem
1131 2881 1282 2946 cognatam

105 2941 210 3007 iunxit,
230 2959 265 2995 ex
283 2959 338 3010 qua
356 2949 414 2995 tres
431 2942 514 2996 liberi
527 2942 581 2995 orti
594 2960 704 3010 sumus,
723 2943 777 2997 duo
796 2943 910 3014 quidem
922 2950 988 2998 ante
1001 2962 1060 3010 me,
1074 2944 1122 3013 qui
1135 2950 1163 2998 et
1176 2943 1283 3016 gemini

105 3027 166 3062 cmn
184 3013 298 3074 essent,
316 3009 466 3062 admodum
484 3010 559 3063 inter
577 3027 607 3063 se
625 3010 732 3064 similes
750 3017 843 3079 erant,
868 3012 943 3066 sicut
960 3013 1029 3064 mihi
1046 3012 1178 3066 narrabat
1195 3018 1282 3081 pater.

104 3075 164 3148 Ego
177 3076 285 3146 quippe
302 3093 393 3145 neque
406 3077 486 3143 illos,
505 3094 597 3146 neque
610 3077 778 3148 genitricem
790 3081 875 3134 valde
889 3080 968 3146 novi,
987 3080 1038 3134 sed
1054 3080 1133 3149 quasi
1168 3097 1197 3133 er
1210 3097 1281 3133 som-

105 3145 180 3197 nium
193 3143 345 3198 obscuram
357 3161 452 3198 eorum
464 3144 581 3199 formam
594 3144 664 3198 mihi
675 3153 865 3216 repraesento.
892 3148 984 3220 Igitur
993 3153 1083 3204 mater
1095 3099 1208 3218 quidem
1220 3165 1283 3202 mea

107 3349 133 3418 4)
147 3350 205 3404 τῶν
218 3351 330 3400 omBD
347 3355 376 3401 ut
387 3353 463 3401 Hom.
480 3353 497 3402 l.
515 3368 536 3402 c.
554 3356 578 3402 et
589 3358 676 3404 nostra
705 3350 820 3422 Ἀνδρίς
836 3354 888 3404 inv.
907 3355 937 3402 D.
959 3379 991 3387 -
1020 3349 1282 3413 litterararum

109 3419 178 3485 Epit.
716 3422 784 3470 BCD
798 3426 823 3469 et
834 3421 866 3468 al.
878 3437 917 3486 ap.
931 3421 985 3469 Cot.

769 3489 828 3552 Cap.
841 3487 948 3537 LXXV.
979 3483 1003 3549 1)
1016 3484 1072 3538 τῶν
1084 3522 1090 3533 .
1102 3519 1108 3532 ·
1119 3520 1125 3534 .
1136 3477 1247 3551 ..λόγων
1259 3485 1278 3535 O

155 3553 218 3619 Cap.
235 3553 357 3604 LXXIV.
388 3551 413 3618 1)
432 3549 536 3606 δούλου
549 3555 574 3604 G.
596 3583 628 3590 -
646 3551 674 3622 2)
719 3560 744 3606 et
755 3556 786 3605 al.
800 3571 838 3620 ap.
853 3555 906 3606 (lot.
924 3581 957 3588 —
973 3549 1001 3621 2)
1013 3547 1166 3620 ἀκούσαιμι
1178 3555 1214 3614 Β,
1233 3553 1282 3604 fuit

107 3613 270 3689 διαφυλάξει
290 3622 364 3670 ΒΟΙ)
383 3628 408 3671 et
425 3623 456 3672 al.
476 3638 514 3688 ap.
530 3623 592 3680 Cot,
606 3639 674 3672 voce.
717 3629 800 3673 tamen
818 3619 936 3674 ἀκοῦσαί
949 3641 995 3712 pr,
1015 3623 1047 3672 al.
1060 3637 1099 3688 ap.
1112 3621 1181 3672 Cot:
1199 3617 1282 3673 ἀκού-

108 3687 223 3753 praeced.
241 3689 286 3738 καὶ
304 3686 361 3740 τῶν
380 3684 569 3758 ὑποδημάτων
587 3692 614 3739 in
633 3691 675 3740 eb
720 3707 808 3748 σαιμι.
821 3691 880 3741 Ine
893 3693 931 3741 cst
942 3693 987 3743 tra
994 3693 1039 3742 καὶ
1052 3683 1188 3742 τοιούτων
1200 3685 1283 3743 ἀκού-

107 3755 215 3805 omissis.
228 3781 264 3790 -—
274 3749 302 3820 3)
315 3756 340 3805 Is
354 3757 414 3806 ordo
426 3773 494 3805 vooc.
507 3758 587 3820 Bel),
600 3759 675 3807 Hom.
720 3773 801 3828 σαιμι
817 3753 922 3826 λόγων,
943 3759 1009 3824 quod
1025 3763 1147 3825 praestat,
1164 3760 1191 3808 in
1202 3759 1225 3808 D
1238 3760 1284 3810 ἵνα

110 3820 677 3890 XII‚6etnostraeEpit.,deirara'ortrsxvs-
720 3829 765 3878 καὶ
787 3825 919 3878 τοιοῦτον
943 3827 1028 3893 (supra
1050 3823 1082 3893 ω)
1107 3824 1227 3878 ἀκοῦσαί
1247 3843 1283 3894 με

107 3889 162 3940 κῶν
175 3890 245 3952 vulg.
259 3916 292 3924 -
304 3887 330 3952 4)
344 3885 397 3940 ὅσα
410 3893 449 3949 εἰς
460 3887 574 3960 μεγάλῳ
587 3895 677 3958 θηρίῳ
720 3888 807 3961 λόγον
821 3895 986 3960 (producendi
998 3895 1098 3958 siguum
1111 3889 1282 3960 supra).-3)

111 3958 361 4024 προευτρεπίζεται
382 3959 412 4008 D.
425 3986 460 3994 —
472 3955 497 4020 5)
512 3973 557 4010 σοι
570 3963 597 4009 Β.
608 3957 677 4024 -6)
722 3959 836 4028 πρῶτον
848 3963 897 4012 Be.
916 3989 949 3996 -
965 3958 993 4029 4)
1008 3958 1022 4012 ὃ
1035 3962 1140 4011 accessit
1152 3977 1182 4010 ex
1192 3964 1226 4024 B,
1240 3961 1284 4024 qui

109 4025 168 4074 Fuit
181 4023 286 4080 ἐλαίαις
303 4025 328 4074 in
343 4028 372 4085 B,
384 4042 451 4076 nunc
470 4023 540 4078 ι’ἒλωῖ
551 4043 615 4077 man.
629 4044 677 4078 see.
721 4029 769 4092 leg.
783 4026 798 4079 ὁ
811 4028 859 4080 ἐπὶ
872 4032 994 4097 σωτηρίᾳ
1008 4023 1115 4084 παντὸς
1127 4027 1178 4078 τοῦ
1185 4029 1285 4093 γένους

108 4117 142 4126 —
158 4087 185 4155 7)
207 4094 340 4148 σπανίοις
359 4094 423 4142 aba
443 4131 448 4142 .
467 4095 521 4144 Cot.
544 4121 577 4128 —
600 4093 626 4157 8)
647 4091 678 4147 τὸ
723 4091 953 4165 reversatum
967 4090 1116 4162 ἐληλυθώς,
1135 4095 1210 4142 Hom.
1223 4093 1283 4156 XII,

108 4159 171 4238 IJCI)
183 4163 209 4208 et
218 4159 251 4240 al
262 4175 302 4242 ap:
313 4160 409 4239 00).-
423 4111 453 4228 g)
463 4180 514 4229 μοι
524 4163 555 4210 D.
568 4163 679 4212 Subinde
723 4163 953 4230 IetnostraEpit.
967 4159 1110 4244 Mattlp.20,
1124 4157 1207 4276 282
1257 4224 1262 4242 ι

107 4225 298 4362 ἓεευτιὲἑιῖεέτᾝ
306 4243 411 4355 1⁷31?th
421 4227 679 4365 {rppprgW-r-uld)
723 4231 870 4348 0105ng
871 4227 1017 4346 {VQllInid
1026 4229 1106 4346 effic
1118 4223 1218 4362 ξήρῖί),
1228 4245 1285 4358 pilleati

35 4391 46 4420 ,
109 4356 150 4426 11)
163 4358 248 4427 ἡμεῖς
258 4357 326 4430 γὰρ,
347 4358 399 4430 ἐγώ
419 4381 447 4416 τε
465 4363 493 4414 la
512 4363 623 4416 nutrior
635 4367 680 4415 καὶ
722 4366 839 4431 impressi
857 4369 1003 4427 agnoscunt.
1021 4389 1054 4399 -
1070 4358 1096 4424 3)
1109 4359 1197 4416 αὐτοῦ
1207 4365 1283 4416 inser.

1079 4451 1091 4488 4
