3126 4894
566 319 722 372 semona
738 321 881 371 munna
1250 309 1312 376 185

206 466 236 521 C.
272 466 328 520 His
347 485 415 540 ergo
433 466 595 522 summatim
611 485 629 522 a
644 467 730 522 Petro
746 465 847 522 relatis
859 465 978 522 Nicetes
991 474 1021 522 et
1032 469 1139 540 Aquila
1156 471 1312 542 stupefacti

128 533 284 588 dixerunt:
312 535 389 589 Here
406 552 440 589 ac
457 534 581 589 Domine
592 535 730 601 omnium,
747 551 879 588 verumne
896 540 940 589 est
957 534 1025 604 boc,
1040 555 1077 592 an
1095 543 1140 592 est
1152 540 1312 594 somnium?

128 601 211 655 Tum
223 603 326 656 Petrus
339 603 393 656 ait:
411 602 476 656 Nisi
490 602 657 670 dormimus,
670 618 767 656 verum
780 607 832 656 est.
858 600 898 656 At
912 602 956 654 illi
967 604 1125 673 paullulum
1137 609 1269 661 remorati
1283 615 1313 662 et

128 670 327 740 cogitabundi
340 670 485 723 dixerunt:
503 669 564 725 Nos
577 687 672 724 sumus
683 669 840 724 Faustinus
853 678 881 723 et
899 669 1103 726 Faustinianus
1121 679 1151 727 et
1168 674 1204 728 ab
1218 675 1311 742 initio,

128 755 201 791 cum
213 754 327 792 namara
341 737 473 807 coepisti,
486 739 560 792 alter
573 739 693 791 alterum
705 737 892 807 inspicientes
924 738 1054 792 lurirnum
1067 740 1143 795 circa
1154 759 1206 796 nos
1219 743 1312 796 consi-

130 805 323 872 derabamus,
344 823 411 858 num
428 805 466 859 ad
485 823 537 858 nos
556 805 735 885 pertinerent
755 821 827 874 quae
849 804 912 858 dice
934 811 1031 876 antur3
1050 814 1217 878 reputantes
1237 827 1312 875 vero,

128 873 227 926 multa
238 873 346 927 similia
355 873 486 927 accidere
496 873 526 925 in
535 879 595 926 vita
606 872 760 938 hominum,
774 872 880 926 idcirco
889 873 1040 942 tacuimus,
1050 875 1119 930 licet
1130 894 1178 930 cor
1185 883 1311 932 nostrum

128 941 301 1010 palpitaret.
337 940 440 993 Intuiti
457 945 552 994 autem
569 939 598 993 in
616 938 673 993 fine
693 940 843 1006 sermonis,
862 939 939 995 dicta
956 942 1099 1011 pertinere
1117 944 1154 998 ad
1166 963 1230 1011 nos,
1243 952 1311 1000 tunc

129 1025 188 1062 nos
201 1008 419 1062 declaravimus.
442 1009 481 1061 Et
492 1013 644 1088 postquam
652 1007 706 1061 hoc
717 1007 846 1061 dixerant
855 1007 1036 1064 lacrimantes
1049 1011 1086 1065 ad
1098 1016 1215 1066 matrem
1228 1030 1311 1067 acce·

130 1075 259 1142 debant,
280 1093 398 1145 eamque
416 1075 602 1130 dormientem
619 1075 698 1130 nacti
733 1075 841 1128 rotinus
861 1077 1014 1146 complecti
1030 1079 1174 1136 volebant.
1208 1080 1311 1134 Petrus

130 1160 202 1198 vero
214 1142 364 1214 prohibuit
376 1143 489 1197 dicens:
509 1142 600 1198 Sinite
612 1159 657 1196 me
670 1093 810 1196 adducam
822 1161 871 1196 vos
885 1149 914 1197 et
927 1145 1066 1200 exhibebo
1078 1147 1176 1212 matri,
1189 1163 1224 1201 ne
1237 1148 1311 1202 forte

130 1211 226 1264 multo
240 1215 271 1265 et
284 1211 380 1264 subito
393 1210 498 1282 gaudio
511 1211 540 1264 in
553 1209 640 1265 animi
654 1210 933 1280 stuporemjncidat,
951 1218 1051 1283 utpote
1065 1231 1137 1284 quae
1151 1215 1237 1269 etiam
1251 1215 1311 1270 dor-

130 1279 207 1332 miat
220 1278 409 1349 spiritumque
423 1295 519 1332 somno
532 1277 638 1332 habeat
651 1284 829 1348 occupatum.

206 1378 254 1434 CI.
289 1378 348 1434 Ubi
366 1379 455 1450 igitur
467 1397 594 1433 somnum
608 1379 645 1433 ad
661 1379 824 1432 satietatem
838 1378 915 1449 cepit
932 1396 965 1433 ac
979 1385 1143 1448 experrecta
1156 1388 1200 1434 est
1212 1389 1311 1450 mater,

131 1447 240 1502 Petrus
260 1447 392 1501 adductis
411 1447 470 1499 illis
484 1447 579 1517 coepit
593 1447 619 1500 ei
633 1446 741 1500 dicere:
762 1445 840 1500 Scire
853 1451 882 1500 te
894 1447 973 1514 volo,
987 1448 1100 1515 mulier,
1114 1447 1183 1501 fidei
1196 1455 1310 1505 nostrae

133 1515 331 1586 disciplinam.
366 1513 426 1569 Nos
443 1531 529 1567 unum
547 1515 665 1568 colimus
681 1513 789 1580 Deum,
811 1513 860 1582 qui
876 1513 948 1566 fecit
960 1531 1044 1584 quem
1057 1516 1148 1569 cernis
1161 1517 1310 1571 mundum:

133 1583 215 1636 illius
234 1588 266 1637 et
277 1583 372 1652 legem
386 1599 542 1648 servamus,
556 1599 628 1651 quae
640 1581 671 1634 in
681 1580 934 1651 primisaontinet,
952 1581 1044 1650 ipsum
1057 1583 1146 1637 solum
1160 1585 1311 1638 colendum

133 1667 214 1716 esse,
234 1649 474 1704 sanctificandum
487 1667 589 1703 nomen
602 1650 677 1717 eius,
694 1653 826 1719 parentes
839 1647 1031 1715 honorandos,
1044 1651 1193 1705 colendam
1204 1657 1311 1724 tempe-

132 1719 274 1784 rantiam,
289 1723 319 1771 et
330 1717 404 1772 bene
417 1717 574 1771 vivendum.
601 1717 720 1771 Praeter
732 1733 766 1770 ea
778 1715 885 1786 absque
899 1716 1061 1772 discrimine
1074 1718 1105 1772 in
1117 1719 1204 1774 vitae
1217 1720 1311 1791 genti-

132 1786 206 1838 lium
226 1802 327 1838 mensa
345 1785 438 1838 cibum
454 1802 510 1838 non
528 1784 676 1851 sumimus,
698 1784 809 1854 quando
830 1785 925 1838 uidem
948 1803 1011 1838 oum
1031 1786 1067 1838 iis
1084 1805 1141 1841 non
1161 1805 1311 1857 possumus

134 1854 303 1919 comedere,
326 1853 401 1922 quod
422 1853 559 1922 impuram
578 1853 667 1906 vitam
685 1857 783 1922 agunt.
847 1869 924 1906 orum
944 1853 1068 1906 cumeis
1089 1855 1311 1925 persuaserimus

136 1921 245 1981 sentire
263 1937 298 1974 ac
316 1919 411 1974 facere
428 1937 475 1986 ea,
497 1937 568 1990 quae
585 1921 622 1974 ad
638 1920 788 1974 veritatem
805 1925 949 1990 spectant,
967 1921 1248 1992 etbaptizaverimus
1260 1941 1310 1977 eos

135 1989 214 2044 inter
225 1989 315 2042 beata
327 1987 448 2066 quadam
461 1987 584 2042 nominis
595 1987 786 2054 invocatione,
799 1992 868 2042 tunc
878 2005 935 2043 una
945 2006 1009 2042 cum
1019 1990 1211 2044 eisvesoimur.
1230 1990 1311 2045 Alio-

135 2057 206 2126 quin
219 2057 309 2110 etiam
322 2073 347 2108 ει
359 2061 441 2125 pater
454 2055 500 2122 sit,
514 2061 563 2110 aut
575 2061 673 2122 mater,
687 2060 736 2110 aut
747 2072 825 2120 uxor,
839 2061 889 2109 aut
901 2056 1004 2126 proles,
1018 2063 1067 2111 aut
1079 2057 1175 2125 frater,
1188 2064 1237 2112 aut
1250 2059 1311 2129 qui-

134 2125 179 2178 vis
198 2125 275 2178 alius
291 2123 415 2177 naturali
432 2140 525 2177 amore
544 2141 625 2178 carus
657 2140 796 2194 nusquam
813 2123 949 2177 audemus
966 2142 999 2178 ac
1007 2141 1160 2204 possumus
1173 2143 1237 2180 eum
1249 2127 1312 2198 ipso

135 2193 234 2246 cibum
248 2207 366 2244 sumere.
401 2190 465 2244 Hoc
481 2191 585 2261 quippe
603 2161 672 2244 firlei
690 2208 776 2245 causa
792 2191 944 2262 praecipue
957 2191 1085 2247 facimus.
1120 2193 1164 2249 Ne
1177 2211 1244 2266 ergo
1257 2195 1312 2248 tibi

135 2259 306 2313 iniuriosum
326 2257 470 2324 videatur,
493 2259 518 2311 si
534 2264 629 2312 tecum
649 2257 727 2312 filius
748 2258 844 2314 cibum
865 2277 922 2314 non
938 2261 1048 2330 capiat,
1068 2279 1158 2332 usque
1179 2279 1235 2331 quo
1254 2280 1311 2317 non

136 2328 239 2382 eadem
252 2345 317 2382 cum
330 2326 379 2380 illo
393 2326 500 2380 sentias
513 2331 542 2381 et
554 2343 632 2398 agas.
670 2357 678 2372 ·

205 2428 269 2483 CH.
306 2426 416 2491 Quibus
432 2427 483 2482 illa
503 2427 609 2482 auditis
621 2427 659 2480 Et
672 2426 753 2496 quid,
775 2425 881 2495 inquit,
899 2431 978 2480 vetat
992 2427 1078 2481 hodie
1090 2445 1135 2482 me
1147 2427 1311 2498 baptizari?

135 2515 209 2568 quae
226 2496 392 2577 priusquam
404 2501 433 2548 te
448 2495 588 2561 viderem,
608 2495 673 2547 illos
686 2510 755 2562 quos
768 2499 872 2546 vocant
885 2493 953 2548 deos
967 2500 1098 2564 aversata
1111 2496 1164 2548 sim
1175 2513 1226 2566 per
1237 2496 1311 2551 banc

134 2563 396 2629 ratiocmationem,
410 2562 476 2632 quia
488 2561 557 2615 mihi
569 2562 659 2615 multa
671 2560 730 2614 fere
744 2561 870 2630 quotidie
884 2560 954 2630 ipsis
969 2561 1127 2616 immolanti
1140 2563 1170 2616 in
1183 2563 1312 2618 adversis

136 2635 224 2688 rebus
234 2649 292 2686 non
305 2629 464 2684 adfuerunt.
483 2630 529 2684 De
539 2629 680 2684 adulterio
690 2633 784 2682 autem
794 2629 863 2698 quid
872 2628 966 2682 verbis
977 2647 1047 2700 opus
1060 2629 1124 2684 est?
1143 2648 1207 2684 curn
1219 2649 1312 2701 neque

136 2701 251 2772 quando
270 2699 350 2752 dives
368 2715 457 2764 eram,
477 2698 598 2752 deliciae
611 2713 655 2750 me
668 2696 698 2749 in
710 2695 764 2750 hoc
778 2695 956 2766 deceperint,
973 2713 1065 2776 neque
1080 2697 1233 2753 subsecuta
1243 2717 1311 2769 pau-

135 2775 233 2840 pertas
250 2765 377 2838 potuerit
398 2765 435 2819 ad
453 2783 486 2820 eo
502 2765 673 2819 veniendum
692 2781 808 2835 cogere,
831 2763 906 2834 quod
926 2764 1094 2834 pudicitiam
1118 2783 1209 2820 meam
1232 2767 1312 2820 velut

135 2837 291 2891 maximum
309 2833 396 2886 decus
414 2849 607 2902 capesserem,
626 2832 706 2886 cuius
720 2831 813 2904 gratia
829 2832 860 2885 in
872 2838 981 2886 tantam
994 2833 1186 2887 calamitatem
1200 2834 1311 2888 deveni.

136 2905 194 2960 Sed
206 2919 262 2956 nec
274 2908 304 2956 te
317 2901 449 2968 arbitror,
471 2901 582 2954 domine
595 2900 634 2952 mi
646 2900 746 2967 Petro,
765 2900 910 2972 ignorare,
928 2901 1061 2954 maiorem
1077 2901 1263 2970 cupiditatem
1277 2919 1338 2968 ex.

135 2973 215 3026 laeta
231 2970 347 3024 fortuna
363 2969 439 3022 oriri.
475 2967 558 3022 Unde
576 2985 629 3038 ego
648 2975 719 3038 quae
736 2969 765 3020 in
783 2968 916 3022 secundis
933 2968 1017 3022 rebus
1030 2975 1186 3040 temperate
1199 2970 1267 3037 vixi,
1280 2970 1310 3024 in

135 3039 297 3094 afflictione
310 3052 353 3089 me
365 3037 431 3090 volu
453 3036 562 3090 tatibus
580 3053 637 3089 non
649 3037 768 3090 tradam.
803 3035 903 3106 Neque
916 3054 982 3091 vero
995 3055 1069 3091 nunc
1081 3037 1206 3091 animum
1218 3056 1311 3092 meum

136 3107 285 3161 existimes
306 3103 418 3174 aegritu
440 3104 486 3157 ine
506 3121 569 3158 esse
587 3103 722 3169 liberum,
744 3103 792 3172 qui
810 3104 940 3157 nonnihil
960 3106 1164 3159 consolationis
1179 3123 1230 3177 per
1248 3105 1311 3161 Cle·

135 3175 242 3228 mentis
260 3172 437 3244 agnitionem
449 3177 551 3226 nactus
564 3171 659 3225 fuerit.
687 3170 857 3224 *Succedens
875 3189 995 3240 namque
1012 3173 1133 3228 tristitia
1147 3191 1181 3227 ex
1194 3175 1312 3230 duorum

136 3243 292 3296 liberorum
304 3239 422 3293 interitu
433 3245 502 3293 nata
514 3239 600 3293 etiam
612 3238 666 3292 hoc
679 3238 717 3292 ali
739 3243 856 3290 uantum
868 3239 1004 3308 gaudium
1020 3239 1160 3294 obscurat.
1195 3241 1311 3295 Etenim

137 3327 182 3364 me
195 3307 367 3364 consolabor
383 3307 418 3360 de
435 3305 484 3373 iis,
498 3307 572 3377 quod
590 3307 620 3360 in
632 3306 730 3359 mario
752 3303 851 3372 ierint3
869 3310 995 3358 attamen
1013 3311 1092 3360 extra
1109 3306 1233 3362 divinam
1246 3309 1311 3361 reli-

138 3379 254 3449 gionem
266 3374 382 3440 mortui,
399 3375 543 3444 perierunt
557 3391 671 3444 corpore
685 3379 714 3426 et
726 3371 827 3425 anima.
861 3371 948 3425 Pater
959 3377 1054 3424 autem
1067 3389 1162 3426 eorum
1174 3391 1310 3442 meusque

138 3447 190 3512 vir,
204 3442 440 3515 quemadmodum
453 3459 504 3512 per
516 3441 692 3496 Clementem
703 3438 836 3509 comperi,
849 3439 887 3492 ad
896 3439 1087 3508 quaerendum
1100 3457 1144 3494 me
1157 3457 1191 3495 ao
1204 3440 1310 3496 liberos

138 3669 253 3722 attulerit
265 3667 385 3732 exempla.
398 3693 433 3702 -—
444 3662 470 3730 3)
485 3661 620 3736 λεγόμενα
633 3668 661 3718 0.
670 3695 705 3704 -
746 3667 843 3735 λέγων.
853 3694 886 3702 -
897 3660 969 3799 ἓδὲ
979 3681 1026 3716 om.
1041 3665 1069 3715 0.
1084 3665 1195 3716 Subinde
1207 3661 1310 3736 διαφό-

137 3733 165 3804 4)
189 3735 255 3802 [δεῖ]
275 3734 371 3784 inserui
390 3735 495 3784 exRec.
514 3731 625 3796 vl1‚28.
662 3735 704 3784 Sic
746 3737 889 3802 proclia·
946 3728 1110 3802 ποιήσωμεν
1122 3735 1200 3785 V.—
1217 3728 1246 3801 4)
1260 3729 1312 3786 οὖν

136 3805 271 3870 legendum
288 3802 363 3852 etiam
377 3803 453 3852 Hom.
472 3802 544 3862 XIII,
557 3799 573 3852 3
590 3808 615 3852 et
632 3803 702 3868 Epit.
747 3819 794 3852 om.
808 3805 837 3852 0.
855 3830 889 3838 -
905 3801 929 3862 5>
942 3797 981 3870 μὴ
994 3801 1043 3851 des.
1062 3802 1089 3851 in
1102 3802 1134 3863 V,
1148 3803 1193 3853 ubi
1204 3819 1261 3851 mox
1274 3807 1311 3851 est

138 3889 158 3922 c.
180 3868 238 3921 100.
263 3898 297 3906 -—
320 3868 347 3929 5)
368 3873 474 3936 γίνεται
490 3871 565 3919 Hom.
582 3871 652 3937 Epit.
670 3897 704 3906 —-
746 3874 862 3938 φρονεῖς
879 3871 925 3921 καὶ
942 3873 1039 3926 ποιεῖς.
1069 3871 1109 3920 Ex
1125 3871 1200 3920 Hom.
1219 3870 1310 3920 Codice

137 3936 164 4007 6)
174 3931 347 4020 ζεροσαγιὶγω
357 3939 377 3986 0
388 3953 438 4001 seq.
448 3939 494 3988 καὶ
503 3937 602 4002 omisso,
612 3953 702 4008 προσ·
747 3939 830 3988 Ottob.
843 3937 938 3987 inserui
951 3932 1051 4002 [sicil

137 4025 238 4075 “W'‘
250 4007 283 4056 V·
797 4039 856 4104 cap.
876 4039 929 4088 ou.
961 4033 986 4101 1)
1002 4037 1099 4092 aava
1110 4037 1138 4084 o.
1153 4063 1186 4070 -
1199 4032 1226 4100 a)
1240 4035 1309 4087 ooo-

171 4109 232 4174 Cap.
247 4107 287 4157 CI.
308 4101 334 4173 l)
349 4101 536 4190 προσαγαγὼν
549 4109 568 4156 0
579 4111 604 4156 et
613 4107 667 4156 Cot.
677 4107 704 4154 in
746 4109 837 4174 φημία
853 4106 884 4156 V.
900 4130 932 4138 ·-
947 4099 975 4168 3)
989 4098 1039 4166 τὴν
1052 4119 1100 4151 om.
1120 4104 1148 4151 Ο.
1164 4130 1198 4137 -
1214 4097 1242 4167 4)
1260 4103 1310 4154 τοῦ
1385 4110 1394 4127 ·

136 4177 221 4236 Hom,
235 4191 404 4242 npouyayrov
417 4175 448 4234 V,
463 4169 603 4244 πρότερον
615 4175 704 4240 λέγων
746 4189 793 4221 om.
808 4174 835 4222 Ο.
849 4198 883 4207 -
894 4167 921 4237 5)
936 4169 969 4239 τῇ
981 4186 1029 4218 om.
1041 4171 1070 4219 O.
1080 4195 1114 4204 -
1123 4167 1148 4231 6)
1162 4173 1311 4236 θρησκείας

137 4243 221 4294 Codex
241 4244 317 4292 Hom.
340 4241 531 4306 ottobonianus,
556 4242 600 4290 ubi
620 4241 704 4290 omnia
747 4237 816 4290 θεοῦ
828 4233 914 4303 τυχὸν
926 4237 977 4286 ord.
996 4238 1024 4286 Ο.
1044 4264 1079 4272 -
1099 4231 1127 4302 7)
1145 4231 1311 4290 ἀπώλλυντο

137 4311 278 4360 accuratius
295 4309 344 4358 sic:
368 4307 467 4378 ἤρξατο
492 4310 556 4380 περὶ
572 4307 619 4372 τῆς
636 4313 702 4359 dro—
747 4308 777 4357 V.
794 4333 828 4342 -
844 4301 868 4366 8)
893 4299 1004 4369 ζήτησιν
1019 4299 1097 4371 ἐκβὰς
1113 4304 1173 4354 ordo
1189 4305 1216 4354 in
1235 4307 1264 4355 Ο.
1280 4333 1309 4343 -

139 4381 245 4445 officior
266 4373 337 4447 αὐτῇ
361 4375 540 4444 διαλέγεσθαι
564 4371 703 4445 πρότερον
746 4369 773 4440 9)
787 4367 909 4442 leprisque
921 4373 950 4423 Ο.
