3162 4900
384 321 429 368 un
446 320 643 370 cnnnnurrs
656 321 738 370 non.
752 321 845 376 ouen
858 321 934 371 nnn.
947 323 1124 374 nonnus,
1275 311 1340 375 279

159 474 323 538 φαίνουσιν,
337 466 373 528 ὡς
385 465 400 521 ό
413 466 497 534 ἣλιος,
510 464 553 527 οἱς
564 467 682 538 λύχνους
696 467 774 540 ὑμεῖς
785 466 901 532 ἅπτετε,
918 469 972 542 μή,
991 468 1086 545 ὥσπερ
1105 471 1138 527 τὰ
1155 478 1226 542 νέφη
1241 473 1337 537 ὑετοὺς

158 541 255 608 φέρει,
271 541 317 590 καὶ
333 535 415 590 αὐτοὶ
427 539 524 607 φέρειν
537 533 660 614 ὄμβρους
671 534 816 600 δύνανται,
837 540 865 590 οἱ
875 539 945 608 μηδὲ
959 535 1074 600 ἑαυτοὺς
1086 548 1172 594 κινεῖν
1185 539 1335 616 δυνάμενοι

160 609 230 656 cett.
256 601 303 655 An
317 602 362 655 his
377 603 447 655 locis
467 603 610 655 excidrsse
628 603 806 670 putabimus:
830 608 858 657 oi
874 611 936 660 oroi
954 604 1033 676 ὑμῶν
1052 606 1114 668 (cir.
1132 625 1158 675 p.
1170 608 1229 672 227,
1244 608 1294 676 14),
1308 615 1338 662 et

158 671 256 750 priore
270 671 385 741 quidem
404 670 469 722 loco
487 675 554 738 post
574 672 719 732 ποιοῦσιν,
742 671 834 724 altero
855 688 919 724 vero
932 681 998 741 post
1010 673 1185 730 διοικοῦσινῗ
1202 675 1337 730 Profecto

159 739 243 804 inde,
266 739 344 808 quod
361 738 499 805 scriptum
517 737 672 815 reperitur:
694 739 866 801 διοικοῦσιν,
883 757 954 792 non:
976 742 1337 863 διοικοῦσι,.οοιιρ”οοϊυιιιαι

162 821 267 875 capere
287 807 351 876 quis
368 806 474 875 possit,
497 821 624 874 proxime
646 811 775 858 secutum
794 823 859 859 esse
878 807 1050 860 vocabulum
1063 825 1080 863 e
1094 809 1186 862 vocali
1209 810 1337 864 iterciu-

161 873 282 942 cipiene.
317 873 357 925 At
378 889 491 938 vereor,
513 890 549 927 ne
566 871 638 925 illud
656 889 755 942 parum
773 871 884 926 firmum
902 877 940 927 sit
953 882 1161 944 argumentum.
1196 877 1236 933 Ut
1257 879 1336 933 brevi

162 942 258 994 dicem
275 941 352 1010 qnod
363 939 469 1006 sentio,
482 939 594 993 videtur
606 947 728 1010 utroque
740 941 806 994 loco
820 942 972 995 statuenda
985 959 1048 995 esse
1063 944 1249 1014 constructio,
1263 962 1337 1016 quae

162 1009 334 1062 vocatured
354 1024 477 1061 sensum.
513 1007 650 1061 Similiter
666 1007 798 1077 judicare
815 1008 883 1062 licet
901 1009 937 1062 de
959 1011 1037 1078 loco,
1057 1011 1133 1063 unde
1155 1014 1338 1080 minumus,

162 1093 338 1147 quemquem
363 1093 416 1144 ego
441 1077 636 1144 ampliandum
662 1093 724 1129 esse
745 1092 864 1141 censeo,
884 1094 970 1147 quum
994 1079 1164 1146 praesertim
1189 1085 1338 1149 appareat,

162 1160 248 1266 guam
263 1143 347 1195 facilc
358 1146 490 1217 δαίμονες
502 1143 576 1195 inter
589 1143 681 1196 vicine
691 1144 830 1197 vocabule
840 1146 870 1198 δὲ
881 1155 910 1196 et
916 1145 1011 1234 μόνον
1020 1146 1152 1200 excidere
1163 1147 1338 1216 potuerit.-

188 1219 297 1264 eterum
315 1227 431 1278 prorsus
445 1209 607 1277 superfluae
620 1216 687 1262 sunt
706 1212 890 1279 conjecturae
909 1212 1097 1282 bchwegleri,
1118 1232 1168 1282 pro
1181 1214 1336 1270 ἐνιδόντιον

161 1279 320 1349 legendum
332 1293 395 1331 esse
410 1278 567 1330 censentis:
589 1276 729 1340 ἐπόντων,
753 1283 782 1331 et
800 1281 972 1351 ἐπιθεμένου
996 1298 1046 1348 pro
1062 1281 1251 1352 διαθεμένου,
1272 1298 1338 1334 nem

160 1347 348 1402 ἀνατίθεσθαι
362 1361 417 1397 non
432 1361 499 1396 sene
513 1343 657 1414 significat
669 1343 831 1412 „differret
843 1354 875 1398 ut
886 1349 960 1400 inter
981 1353 1090 1400 retatus
1106 1353 1151 1399 est
1163 1345 1335 1412 Ooteleriue‚

162 1415 216 1469 sed
238 1413 404 1481 „suscipere
423 1413 452 1464 in
464 1416 521 1477 ια’,
541 1413 591 1464 cfr.
611 1411 703 1480 Toup.
721 1413 841 1465 Emend.
858 1414 885 1464 in
900 1365 1006 1466 suiil
1039 1413 1117 1468 ,242
1152 1415 1292 1485 Denique,
1306 1423 1338 1468 ut

162 1485 251 1536 etiem
264 1481 300 1534 de
313 1479 369 1533 hoc
382 1497 521 1545 moneam,
535 1495 591 1532 non
605 1478 696 1546 video,
710 1496 762 1532 cur
773 1479 937 1533 Dresselins
950 1487 1008 1534 tem
1018 1430 1067 1533 iic
1101 1498 1166 1534 uem
1179 1483 1208 1534 in
1218 1499 1336 1553 sequen-

161 1551 242 1603 tibus
256 1547 397 1616 spreverit
410 1547 528 1600 formum
538 1549 615 1619 χθὲς,
627 1562 711 1616 quem
725 1544 821 1599 cod.0
835 1547 957 1614 praebet
969 1565 1020 1616 pro
1035 1499 1122 1618 ἐχθ2ς,
1134 1550 1211 1618 quod
1223 1567 1282 1604 seru
1305 1567 1338 1603 er

162 1621 312 1672 exaratum
325 1615 411 1668 estin
425 1615 487 1668 cod.
501 1613 531 1681 O,
546 1622 674 1682 excepto,
688 1613 713 1667 si
725 1619 806 1668 recte
818 1615 942 1683 memini,
954 1633 1011 1669 uno
1024 1616 1100 1682 loco,
1119 1617 1167 1696 qni
1182 1625 1226 1670 est
1238 1635 1265 1686 p.
1294 1617 1338 1683 et,

163 1686 206 1750 15,
228 1682 254 1736 si
271 1681 343 1736 fides
362 1681 496 1736 habenda
513 1688 558 1735 est
570 1680 723 1736 Cotelerio.
758 1681 860 1752 Neque
873 1699 939 1737 vero
953 1683 1009 1736 sibi
1022 1683 1152 1736 constitit
1163 1684 1337 1754 Dresselius,

162 1752 284 1823 quinon
298 1750 388 1804 solum
403 1750 458 1804 hoc
475 1751 538 1804 loco
553 1752 603 1802 sed
618 1750 704 1802 etiam
716 1750 745 1802 in
758 1749 892 1803 universe
904 1750 1094 1804 Homiliarum
1106 1759 1189 1820 parte
1203 1769 1250 1820 ea,
1263 1769 1338 1824 qnae

161 1835 240 1874 nova
252 1820 376 1872 accessit
389 1834 422 1870 ex
436 1817 497 1870 cod.
512 1815 545 1884 Ο,
558 1817 695 1870 intactam
708 1816 858 1888 reliquerit
870 1817 990 1872 sormam
998 1824 1078 1888 χθές.

232 1888 265 1939 Ρ.
277 1887 337 1951 211,
350 1887 364 1938 7
378 1884 448 1938 nihii
461 1885 635 1938 mutandum.
653 1885 815 1953 Imperator
828 1885 932 1938 dicitnr
943 1887 1042 1940 mundi
1054 1886 1209 1957 imaginem
1221 1887 1338 1942 referre.

162 1985 198 1994 -
209 1954 246 2010 V.
258 1955 292 2008 15
306 1972 368 2025 sqq.
386 1953 427 2006 sic
445 1953 593 2022 scripturn:
616 1951 689 2007 οὕτω
702 1959 747 2008 καὶ
765 1952 797 2007 τό
810 1960 892 2009 θεῖον
903 1953 985 2025 ἅγιον
997 1957 1108 2026 πνεῦμα
1115 1961 1216 2028 χαίρει,
1231 1954 1274 2010 ὅτι
1287 1953 1339 2010 τὸν

161 2021 290 2079 θάνατον
306 2027 446 2089 νενίκηκεν
466 2019 631 2090 ἄνθρωπος’
654 2020 757 2093 τὸγὰρ
779 2023 914 2093 δαίμονας
934 2021 1103 2108 φυμαδεόειν
1121 2029 1161 2086 εἰς
1181 2021 1235 2091 τὴν
1252 2020 1339 2077 iiiior

163 2097 242 2145 ἴασιν
253 2097 367 2161 γίνεται.
382 2091 466 2144 ταῦτα
478 2091 509 2143 δὲ
521 2093 649 2159 λέγομεν,
663 2087 715 2158 οὐχ
727 2087 764 2150 ιός
774 2087 863 2159 όρνοό
886 2109 943 2144 ενοι
958 2111 989 2144 το
1026 2089 1113 2158 ὴδεῖν
1121 2089 1215 2152 ἄλλοις
1222 2098 1339 2160 βοηδεῑν

163 2164 232 2212 cett.
268 2157 370 2210 Nonne
392 2173 442 2224 pro
464 2155 548 2212 ritino
566 2156 690 2224 positum
713 2162 787 2210 eret:
808 2155 862 2213 ιἰνι
881 2113 1022 2228 ρώπους
1045 2157 1152 2214 Notum
1169 2165 1214 2212 est
1232 2163 1338 2223 autem,

162 2242 264 2279 vocem
277 2223 428 2290 ἅνθρωπος
440 2223 551 2290 concipi
565 2224 679 2276 solitam
692 2240 756 2276 esse
769 2222 824 2277 hoc
837 2225 938 2294 signo:
951 2246 1028 2288 ονος.

235 2294 265 2346 Ρ.
278 2293 336 2354 212,
350 2292 364 2343 7
378 2292 465 2344 verba
478 2289 542 2351 τοὺς
552 2290 591 2364 μὴ
608 2293 668 2372 Θερῖ
681 2297 901 2362 προσκειμένους
913 2291 1012 2362 ὅρκους
1021 2292 1091 2346 mire
1101 2291 1339 2361 interpretantem

164 2360 232 2430 „qui
245 2362 280 2412 ed
293 2360 385 2412 Deum
398 2376 454 2410 non
468 2360 596 2412 referunt
608 2357 827 2428 adjurationes&
857 2358 977 2420 Videtur
989 2359 1190 2427 corrigendum
1205 2375 1282 2412 esse:
1295 2358 1337 2412 δι’

162 2429 272 2500 ὅρκους,
287 2444 363 2492 „eos‚
377 2427 425 2506 qui
440 2427 502 2479 Deo
517 2443 547 2479 se
560 2443 616 2479 nou
631 2425 802 2478 dediderunt
814 2425 916 2494 fugere
929 2427 1064 2479 simulant
1080 2432 1199 2495 propter
1215 2426 1337 2480 exorcis·

163 2501 254 2550 mos“.
289 2493 462 2548 Exorcrsmis
481 2493 575 2562 fugari
594 2496 748 2546 daemones
773 2493 977 2562 credebantur,
1000 2493 1054 2544 vid.
1074 2509 1098 2545 e.
1118 2511 1144 2563 g.
1167 2492 1337 2548 Tertulliani.

164 2563 230 2618 Cor.
245 2563 302 2616 mil.
318 2563 356 2614 11.
376 2560 435 2614 Cfr.
448 2563 536 2614 rerba
549 2562 645 2628 paullo
658 2577 745 2629 supra
757 2579 784 2629 p.
796 2562 855 2626 211,
870 2561 901 2612 18
914 2567 943 2613 et
955 2579 982 2629 p.
994 2559 1053 2627 212,
1067 2562 1078 2612 1
1092 2561 1203 2628 posite:
1217 2561 1276 2616 ἔσθ’
1292 2561 1338 2616 ὅτι

163 2634 200 2687 δέ
210 2651 287 2691 τινας
298 2629 421 2700 ἀνόμους
433 2627 535 2696 ἄνδρας
545 2633 677 2699 δαίμονες
689 2626 824 2701 φεύγουσι
838 2631 855 2681 δ
862 2629 884 2680 ι’
901 2628 991 2700 ὄνομα
1005 2635 1108 2701 τίμιον.
1121 2658 1154 2668 -
1165 2627 1200 2681 V.
1214 2628 1247 2680 14
1260 2630 1337 2683 codi-

164 2701 206 2752 cis
220 2695 244 2751 O
259 2697 412 2764 scripture:
425 2695 608 2760 ἐπιδιδόντες,
620 2702 737 2764 recepta
747 2696 825 2748 nulle
835 2713 907 2764 opus
919 2702 997 2748 esset
1007 2697 1164 2748 mutatione
1173 2685 1338 2750 verborbm:

165 2765 198 2821 τὸ
212 2765 282 2821 ὅσον
294 2765 426 2825 δύνασθε,
441 2764 464 2816 si
478 2765 604 2832 genuina
621 2779 685 2816 esse
698 2769 797 2831 posset
809 2763 930 2816 locutio:
953 2761 985 2818 rb
1002 2761 1071 2818 ὅσον
1088 2762 1129 2816 ἐπ’
1144 2763 1240 2824 αὐτοῖς
1251 2766 1337 2827 ἐστιν,

165 2849 240 2904 quae
254 2831 395 2902 reperitur
407 2831 483 2884 inire
495 2850 521 2899 p.
534 2832 592 2899 277,
605 2833 630 2898 5,
647 2828 743 2884 adhuc
760 2847 794 2883 ee
810 2829 920 2884 intecta
933 2831 1042 2884 relicte.
1080 2830 1143 2893 Quo
1158 2831 1193 2882 de
1206 2831 1337 2902 equidem

185 2919 252 2954 uum
268 2899 405 2964 dubitem,
420 2898 483 2966 hoc,
496 2899 531 2951 de
541 2916 597 2968 quo
607 2900 667 2968 jem
677 2897 781 2984 agitur,
795 2897 859 2950 loco
873 2898 1057 2952 scribendum
1068 2914 1211 2967 propono:
1224 2899 1337 2964 τόσον,

166 2972 237 3025 ὅσον
255 2966 391 3028 δύνασθε,
406 2969 453 3020 ἐπὶ
471 2967 503 3019 τὸ
517 2971 622 3020 τέλειον
635 2968 681 3035 τῆς
692 2972 801 3037 αγνείας
813 2965 928 3029 ἑαυτοὺς
948 2964 1135 3030 ἐπιδιδόντες,
1157 2967 1284 3038 quamvis
1298 2968 1339 3022 in·

165 3036 229 3091 telli
253 3053 313 3102 ens,
325 3033 410 3088 etiem
422 3033 506 3087 aliter
520 3033 623 3100 corrigi
636 3051 731 3103 posse.

231 3053 266 3158 2).
284 3101 342 3170 215,
364 3101 397 3153 10
420 3101 533 3154 minime
559 3101 751 3154 necessarium
775 3107 838 3154 eret
860 3107 970 3155 mutare
999 3101 1129 3155 codicum
1153 3101 1337 3170 scripturam:

168 3171 226 3293 gni}
249 3169 387 3289 -1217
405 3169 511 3222 undum
532 3167 657 3222 dativum
673 3167 794 3240 ἁμαρτίᾳ
812 3168 882 3221 ferri
900 3186 956 3222 non
974 3187 1072 3238 posse,
1094 3174 1173 3222 reete
1187 3170 1339 3238 judicabat

230 3257 252 3290 w
306 3253 378 3289 erus.

192 3258 207 3294 c
234 3255 337 3371 Figite,
350 3305 365 3356 6
379 3321 419 3373 eq.
433 3305 541 3358 editum
555 3308 612 3356 est:
628 3301 740 3373 ἀλόγοις
754 3300 831 3364 ζώοις
848 3302 959 3358 ἐοικότα
977 3301 1131 3371 πράξαντες
1145 3304 1174 3355 ἐκ
1187 3305 1235 3368 τῆς
1251 3316 1290 3369 ψυ
1312 3307 1339 3370 ἧς

167 3326 1341 3495 cruciemur'uuerror-...turraerrerrrrurir

167 3461 337 3562 vicariorum
351 3479 450 3577 ψυχῆς.
484 3505 525 3558 At
537 3507 600 3574 quis
614 3522 671 3557 non
688 3455 799 3568 viderit,
818 3503 868 3556 ille
886 3502 997 3557 medela
1014 3501 1174 3557 sententiae
1192 3455 1339 3574 heudgua·

167 3595 252 3646 quem
270 3593 333 3630 esse
350 3573 531 3628 consultum?
558 3572 588 3627 si
609 3590 706 3624 rerum
724 3577 769 3624 eet
788 3569 898 3626 ἐοικότα
915 3569 1087 3624 eGotelerio
1099 3570 1275 3640 propositum
1288 3589 1341 3641 pro

167 3649 284 3708 ἐοίκατε,
308 3643 384 3713 quod
411 3640 497 3694 etiem
522 3639 551 3694 in
573 3641 635 3693 cod.
655 3638 678 3692 Ο
701 3641 840 3719 reperitur
858 3670 890 3678 -
914 3645 1015 3709 estque
1034 3655 1068 3692 ea
1086 3640 1252 3709 conjectura
1270 3656 1339 3694 seue

167 3729 252 3783 quern
275 3708 432 3794 probabilis
445 3739 491 3777 -,
512 3714 579 3777 post
602 3709 693 3779 ψυχῆς
714 3707 827 3761 v1detnr
853 3706 949 3776 potius
970 3705 1112 3761 excidisse
1133 3707 1250 3762 verbum
1271 3707 1339 3776 tale,

261 3797 267 3809 ⁸
364 3797 369 3820 Ι

167 3781 267 3899 qual?
280 3783 431 3912 212ῗ1ἲόιο
446 3848 470 3898 si
481 3843 533 3914 γὰρ
546 3843 729 3896 scribendum
744 3849 805 3896 eret
818 3849 881 3896 eut:
895 3839 983 3916 i'ybp,
998 3848 1047 3895 eut
1060 3840 1077 3909 ἢ
1088 3841 1148 3914 γὰρ.
1165 3842 1246 3896 Prius
1259 3842 1339 3909 illud,

168 3932 225 3968 nou
237 3914 357 3967 alterum
371 3912 434 3978 hoc,
448 3919 480 3964 ut
492 3909 601 3964 rettulit
612 3909 786 3978 Dresselins‚
800 3911 1010 3964 commendavit
1019 3908 1226 3979 Schweglerus.
1248 3910 1340 3964 Nobis

168 3983 261 4052 magis
274 3981 370 4048 piacet
383 3977 399 4046 ἢ
410 3978 468 4050 γὰρ,
484 3980 561 4047 quod
574 3978 698 4030 babetur
711 3977 797 4030 etiam
809 3997 835 4046 p.
848 3977 906 4042 245,
922 3979 961 4030 19.
982 4007 1015 4018 --
1036 3977 1070 4032 V.
1090 3977 1122 4030 13
1138 3976 1167 4030 iu
1189 3974 1283 4030 verbis
1295 3983 1340 4033 καὶ

169 4051 254 4105 ταῦτα
267 4047 313 4104 ἐὰν
344 4045 428 4117 ρόσεα
441 4046 457 4115 ἢ
470 4044 587 4118 ἀργύρεα
601 4051 666 4098 cett.
680 4051 746 4098 ente
759 4043 775 4110 ἢ
789 4044 947 4098 intercidit:
961 4044 985 4114 ἢ.

236 4117 267 4170 Ρ.
279 4117 312 4170 21
333 4157 339 4180 ,
354 4117 368 4168 1
382 4132 394 4166 s
418 4157 423 4170 .
437 4115 508 4168 haec
521 4113 630 4182 recepit
641 4111 816 4166 Dresselins:
834 4115 900 4168 οὐδὲ
915 4103 969 4184 γὰρ’
980 4111 1061 4180 νεκρὰ
1073 4110 1141 4165 αὐτὰ
1152 4115 1242 4182 λέγειν
1254 4109 1340 4167 δόντι·

169 4207 232 4254 μαι,
256 4183 289 4239 τὰ
300 4186 444 4258 μηδέποτε
459 4180 589 4250 ζήσαντα,
605 4181 681 4241 ἐκτὸς
698 4186 722 4234 εὶ
738 4181 778 4261 μὴ
791 4179 876 4250 τόιροι
894 4180 1016 4252 ἀρχαίων
1026 4176 1187 4247 ἀνθρώπων
1199 4183 1279 4234 erno.
1301 4179 1341 4233 At

171 4269 262 4306 sermo
277 4259 322 4306 est
340 4252 375 4304 de
390 4250 564 4310 simulacris,
583 4249 680 4320 qualia
692 4250 748 4301 coli
761 4248 894 4301 solebant
910 4263 927 4299 e
942 4247 1070 4315 paganis.
1097 4245 1259 4314 Praetereo,
1272 4262 1340 4317 quo·

171 4321 255 4375 modo
269 4321 402 4390 sepulcra
414 4317 477 4389 ipse
490 4317 547 4372 dici
561 4321 682 4387 possunt
695 4334 752 4371 non
765 4313 896 4370 mortue?
913 4314 992 4382 δοκι,
1006 4330 1091 4384 quum
1105 4313 1170 4368 libri
1184 4331 1264 4368 mser.
1277 4332 1340 4385 por·
