3162 4900
377 340 422 389 An
435 339 642 391 oanunurrs
658 341 739 390 nou.
754 339 848 396 uuas
860 341 936 390 ran.
949 341 1125 393 aoumms.
1278 327 1341 391 289

164 487 426 557 obtemperavisset
439 484 642 542 Schliemanno
657 487 687 541 in
700 487 783 550 libro,
797 505 881 558 quem
896 488 1041 558 inscripsit
1058 487 1131 556 „Die
1144 487 1341 546 Clementiuen

164 557 251 609 nebat
264 557 318 608 den
331 555 514 608 verwandten
528 553 701 616 Schriften“.
714 573 740 624 p.
754 555 796 621 90,
809 573 861 624 pro
879 552 930 609 οὖν
946 555 1033 610 scribi
1046 557 1172 626 jubenti:
1190 561 1248 612 νῦν.
1283 558 1341 612 De-

162 623 229 676 inde
246 638 298 692 pro
317 621 385 694 ἡμῖν
403 623 558 693 legendum
573 623 696 676 videtur:
719 622 816 695 ὑμῖν,
836 627 864 676 et
885 622 1032 678 viceversa
1054 622 1145 696 ἡμῶν
1166 641 1217 694 pro
1240 624 1340 698 ὑμῶν.

161 689 309 760 Denique,
324 707 411 760 quum
423 689 593 758 praesertim
609 699 729 761 uterque
742 691 834 743 codex
847 690 1001 758 praebeat:
1020 690 1128 758 πλάνην
1139 694 1181 756 ul,
1200 709 1340 760 reponen-

161 759 229 810 dum
245 757 371 811 videtur:
396 788 427 796 -
447 757 588 842 upopciuee
607 756 774 838 ἀλάθειαν
790 788 823 796 -
839 755 1027 842 κηρύσσρνντα,
1046 757 1153 840 πλάνην
1176 761 1206 843 δὲ
1227 762 1339 842 ἐναπεν-

159 822 543 961 rurmpltlurru
583 825 1339 962 retrudantur'uteremur,tuear

159 978 223 1014 rum
236 976 321 1013 nexu.

230 1029 262 1082 P.
272 1026 332 1094 254,
343 1027 360 1079 9
372 1041 415 1097 sq.
427 1045 485 1082 non
498 1026 600 1094 probo,
615 1026 692 1096 quod
710 1029 867 1080 secundum
885 1027 997 1081 Davisii
1016 1029 1212 1097 conjecturam
1229 1029 1336 1084 editum

161 1100 218 1149 est:
241 1093 298 1150 ύπέ
330 1113 359 1149 τε
377 1096 427 1148 τού
443 1096 541 1150 κοινοῦ
555 1100 600 1149 καὶ
613 1097 811 1168 συμφέροντος
829 1097 877 1161 τῆς
894 1097 1036 1165 ἐκκλησίας
1054 1099 1087 1166 τῆ
1105 1095 1177 1159 τάξει
1199 1117 1289 1168 προσο
1314 1121 1339 1152 ι-

161 1161 254 1230 λύσας.
289 1115 417 1241 &terque
430 1161 620 1240 Homiliarum
638 1163 743 1240 ceder:
761 1160 813 1240 flu
830 1161 913 1224 τάξιν.
949 1163 983 1216 ld
1004 1155 1097 1232 ipsu'm
1116 1166 1257 1234 praebent
1272 1119 1339 1218 liui-

159 1235 253 1284 tomes
271 1231 390 1284 altcrrus
408 1229 474 1282 librr
491 1246 574 1283 mser.
591 1228 770 1282 Dresselraur
788 1227 819 1282 C.
835 1229 947 1296 LXIX,
967 1231 1015 1285 ubi
1032 1231 1199 1285 Dresselius
1218 1249 1251 1286 ex
1273 1233 1338 1286 alris

161 1297 243 1351 libris
258 1297 359 1352 edidit:
372 1327 406 1338 -—
419 1299 466 1364 τῆς
478 1299 619 1366 ἐκκλησίας
629 1302 675 1350 καὶ
688 1295 758 1366 ὑπὲρ
772 1299 819 1367 τῆς
831 1297 938 1360 τάξεως.
971 1297 1012 1352 At
1024 1299 1157 1369 equidem
1170 1315 1338 1366 persuasum

160 1363 270 1432 habeo,
289 1363 377 1420 verba
394 1363 445 1431 τὴν
462 1363 538 1426 τάξιν
555 1381 612 1419 non
630 1379 694 1418 esse
708 1365 856 1432 mutanda,
876 1368 927 1420 sed
941 1366 1085 1419 exstitisse
1098 1365 1204 1419 variam
1218 1366 1338 1435 scriptu-

160 1449 221 1486 ram
240 1432 327 1486 hanc:
344 1463 377 1472 -
394 1434 535 1501 ἐκκλησίας
550 1436 605 1486 καὶ
623 1430 707 1505 ὑπὲρ
725 1433 790 1486 τῶν
808 1437 886 1505 περὶ
904 1431 953 1500 τὴν
978 1431 1060 1494 τάξιν.
1096 1433 1194 1487 Dictio
1218 1433 1251 1488 τὰ
1272 1441 1337 1507 περὶ

160 1499 212 1568 τὴν
224 1499 303 1562 τάξιν
314 1499 389 1553 idem
402 1497 463 1554 fere
478 1497 624 1570 significat
636 1501 714 1568 quod
726 1498 814 1551 dictio
826 1497 843 1566 ἡ
857 1497 913 1559 τάξι
918 1520 938 1560 ς.

227 1567 259 1620 Ρ.
271 1567 360 1630 aeut
400 1572 508 1621 raestat
525 1565 683 1635 scriptura:
705 1565 720 1620 ὁ
740 1565 827 1626 πολὺς
843 1564 940 1636 ὄχλος,
959 1583 1033 1637 quae
1051 1567 1080 1620 in
1098 1568 1249 1637 utriusque
1267 1567 1334 1638 Epi-

158 1641 251 1690 tomes
269 1634 336 1689 eL
415 1635 564 1703 reperitur.
601 1633 672 1687 Vice
692 1649 774 1686 versa
793 1649 851 1686 nou
873 1633 1020 1704 intelligo,
1044 1652 1094 1689 cur
1114 1635 1282 1688 Dresselius
1304 1637 1333 1689 in

158 1701 277 1756 alterius
293 1703 442 1770 Epitomes
462 1701 492 1756 C.
509 1699 594 1754 LXX
610 1717 668 1754 non
685 1701 827 1770 receperit
849 1701 1030 1770 scripturam:
1053 1725 1074 1776 μ
1091 1702 1140 1758 ’τε
1159 1701 1239 1778 ἡμεῖς
1257 1709 1335 1773 περί-

157 1775 288 1890 ρλεπτοι,
308 1787 393 1842 quam
411 1768 489 1839 prior
504 1769 637 1839 Epitome
657 1772 687 1822 et
703 1766 845 1822 Homiliae
862 1770 1019 1840 porrigunt.
1042 1803 1074 1812 -
1119 1812 1125 1824 .
1142 1772 1159 1824 8
1174 1789 1236 1842 sqq.
1255 1769 1335 1837 haec,

170 1839 230 1891 icet
243 1843 392 1906 corrupta,
411 1836 490 1890 edita
507 1843 574 1890 sunt
590 1853 624 1890 ex
643 1835 722 1889 libris
740 1853 836 1890 mecm:
859 1833 961 1892 τούτου
980 1840 1072 1894 ἕνεκεν
1087 1838 1228 1911 βούλομαί
1242 1855 1273 1892 σε
1286 1837 1336 1893 τὸν

157 1903 285 1974 Νικὴτην
296 1903 457 1960 καὶἈκύλαν
469 1902 638 1974 προοδεύειν
652 1926 710 1976 μου
726 1903 794 1958 κατὰ
812 1903 975 1977 συστήματα
991 1905 1042 1960 δύο
1055 1905 1209 1977 σποράδην,
1221 1904 1334 1978 μανθά-

159 1992 257 2034 νοντες
271 1973 317 2034 τὰς
330 1975 385 2028 τῶν
396 1974 488 2028 ἐθνῶν
501 1976 675 2043 εἰοέρχεσναι.
692 1969 795 2032 πόλεις.
831 1972 945 2028 Haereo
960 1973 1095 2043 equidem
1106 1977 1166 2045 jam
1184 1975 1212 2026 in
1226 1973 1333 2026 verbis:

159 2059 191 2096 os
209 2039 260 2096 τὸν
281 2039 404 2108 Νικητην
423 2045 469 2095 καὶ
482 2037 609 2100 Ἀκύλαν,
635 2055 709 2109 quae
731 2039 758 2092 le
781 2046 868 2092 untur
889 2039 975 2094 etiam
996 2042 1026 2094 iu
1047 2041 1166 2095 alterius
1188 2041 1335 2111 Epitomes

159 2107 192 2161 Ο.
208 2105 299 2172 LXX,
315 2109 381 2161 dum
400 2109 430 2161 iu
452 2107 556 2177 prioris
576 2106 652 2175 Epit.
673 2105 703 2159 d.
722 2107 746 2160 L
824 2109 962 2188 scriptum
981 2113 1038 2162 est:
1061 2126 1092 2163 σε
1109 2108 1159 2164 τὸν
1171 2117 1206 2164 Ν.
1222 2106 1280 2181 ἅμα
1299 2111 1339 2189 κρῖ

151 2174 263 2246 Ἀκύλη,
288 2193 371 2248 quam
391 2175 598 2229 correctionem
617 2190 681 2229 esse
698 2173 785 2228 facile
802 2174 893 2228 intelli
917 2175 981 2230 itur.
1016 2174 1149 2247 Namque
1169 2176 1220 2230 illa
1240 2178 1338 2230 Homi-

157 2245 262 2297 liarum
275 2252 362 2312 atque
373 2243 522 2312 Epitomes
536 2241 654 2296 alterius
667 2240 723 2296 scri
745 2247 810 2295 tura
823 2192 983 2314 significat:
1002 2249 1032 2296 te
1044 2243 1178 2299 Nicetam
1196 2250 1225 2298 et
1241 2253 1337 2298 tecum

157 2309 321 2382 Aquilam“.
356 2311 421 2365 Jam
441 2325 507 2364 vero
530 2310 687 2364 seeundum
735 2309 846 2362 omilias
869 2317 898 2363 et
919 2312 1075 2364 secundum
1098 2317 1248 2382 utramque
1269 2311 1336 2380 Epi-

156 2377 286 2434 tomenti
305 2381 412 2454 Πέτρος
429 2376 537 2452 Νικήτη
549 2383 594 2433 καλ
605 2375 702 2448 Ἀκύλη
714 2381 890 2448 προσωμίλει
909 2381 998 2449 λέγων
1014 2383 1043 2431 et
1054 2377 1141 2433 Petro
1159 2380 1336 2446 respondent

158 2446 190 2500 hi
205 2447 298 2514 ambo,
311 2464 369 2500 non
387 2463 460 2500 unus
475 2445 552 2498 solus
564 2445 675 2500 Niceta.
710 2445 907 2512 Exspectabas
921 2461 1004 2514 ergo,
1022 2461 1099 2509 eum,
1118 2444 1167 2516 qui
1179 2446 1337 2514 posuisset:

158 2531 199 2578 σε,
212 2514 263 2570 τὸν
274 2511 405 2582 Νικάτην,
418 2513 581 2567 additurum
594 2513 699 2566 fuisse:
716 2518 765 2566 καί
775 2530 813 2575 σε,
828 2510 878 2568 τὸν
889 2511 1011 2568 Ἀκύλαν.
1046 2513 1084 2566 Et
1097 2513 1139 2567 sio
1153 2513 1336 2567 scribendum

157 2590 246 2650 esset,
259 2583 315 2636 nisi
328 2580 504 2650 probabilior
517 2580 688 2636 emendandi
701 2579 775 2634 ratio
789 2585 964 2648 suppeteret.
1002 2580 1120 2634 Scilicet
1139 2586 1206 2651 post
1219 2583 1337 2635 verbum
1439 2594 1442 2600 ·

156 2647 296 2724 βούλομαι
313 2648 451 2702 facillime
467 2647 639 2702 intercidere
651 2648 764 2766 potuit:
787 2645 851 2718 ὑμᾶ.
888 2647 951 2711 Quo
970 2648 1062 2716 facto,
1085 2666 1172 2719 quum
1193 2666 1228 2702 ex
1248 2648 1337 2702 verbo

157 2715 236 2790 ύμάσ
247 2716 310 2771 sola
320 2725 486 2784 superesset
497 2716 582 2770 litera
593 2714 650 2769 fina
663 2717 687 2768 is
706 2733 736 2782 σ,
750 2721 842 2770 ortum
855 2721 900 2768 est
912 2734 951 2771 οε.
989 2713 1121 2770 Ceterum
1139 2717 1254 2770 minime
1267 2734 1339 2786 opus

157 2791 205 2838 est
222 2785 363 2838 scribere:
385 2783 443 2839 τὸν
459 2781 584 2845 Ἀκύλαν,
606 2789 635 2838 et
653 2783 752 2836 neseio
774 2800 811 2837 an
829 2781 934 2852 injuria
950 2783 1116 2837 Dresselius
1137 2785 1167 2838 in
1188 2784 1337 2852 Epitomes

157 2852 279 2906 alterius
293 2850 324 2908 d.
337 2850 421 2906 LXX
437 2851 584 2905 addiderit
599 2850 750 2905 articulum
768 2852 819 2922 τῷ,
838 2851 867 2904 in
885 2869 943 2905 uno
964 2851 1025 2906 solo
1044 2851 1145 2906 codice
1168 2857 1337 2918 exstantem,

159 2936 335 2992 quamquam
356 2919 431 2973 infra
452 2937 480 2998 p.
498 2919 564 2984 282,
583 2919 600 2972 9
617 2937 661 2990 sq.
683 2917 803 2998 legitur:
831 2917 846 2974 ὀ
866 2917 988 2988 Νικήτης
1008 2924 1053 2974 καὶ
1070 2917 1085 2973 ὃ
1104 2919 1216 2981 Ἀκύλας
1236 2921 1338 2974 ἐκπλα-

157 2993 254 3060 γέντες
270 2991 379 3058 ἔλεγον;
404 2992 474 3040 satrs
492 2987 567 3040 euim
586 2993 649 3040 erat
665 2988 819 3040 articulum
838 2986 1039 3058 praeposuisse
1056 2987 1143 3056 priori
1157 2986 1263 3041 nomini
1295 3003 1338 3039 ro-

158 3057 231 3124 prio.
251 3055 309 3109 Cfr.
324 3055 409 3110 etiam
421 3053 486 3108 adn.
499 3054 536 3108 ad
550 3071 577 3123 p.
594 3054 653 3122 285,
667 3054 691 3106 1.
710 3085 744 3094 -
764 3055 853 3109 Porro
870 3064 971 3126 aperte
986 3061 1148 3124 corrupt-um
1164 3061 1210 3109 est
1221 3005 1339 3108 verdum

182 3122 361 3183 αννάνοντες.
398 3122 577 3176 Laudandus
601 3128 697 3176 tamen
718 3122 897 3192 Dresselius,
920 3123 998 3195 quod
1017 3141 1052 3178 ex
1067 3122 1241 3194 conjecturis
1255 3121 1339 3176 Cote-

157 3145 238 3246 ierii:
258 3189 449 3252 λανθάνοντας
465 3201 493 3244 et
509 3188 718 3253 λανινανόντως,
743 3196 873 3244 neutram
892 3193 921 3243 in
939 3195 1048 3244 textum
1066 3192 1183 3260 recepit.
1218 3189 1340 3244 Videtur

161 3259 237 3314 enim
250 3258 346 3328 potius
365 3257 502 3327 scriptum
519 3257 622 3311 fuisse:
639 3261 869 3330 μονωθέντας
887 3278 928 3313 τι.
947 3263 1140 3319 Μονωνέντες
1157 3259 1233 3310 idem
1251 3258 1338 3326 signi-

160 3325 230 3380 fieat
255 3333 357 3396 atque:
383 3324 530 3397 σποράδην
552 3324 676 3396 ἀλλήλων
718 3323 763 3380 ενό
789 3345 860 3388 ενοι,
908 3343 945 3379 ua
968 3324 1116 3379 locutione
1145 3323 1193 3376 hic
1218 3326 1340 3402 scriptor

160 3395 252 3449 utitur
264 3395 328 3447 loco
343 3393 500 3463 consimili,
514 3394 562 3465 qui
577 3401 622 3449 est
633 3411 661 3463 p.
673 3345 732 3461 25⁷6,
747 3347 787 3445 ld.
800 3425 833 3432 -
845 3391 880 3446 V.
888 3343 927 3445 it
939 3392 1105 3462 recipienda
1118 3396 1180 3444 erat
1193 3391 1300 3444 codicis
1314 3390 1338 3444 O

160 3462 318 3531 scriptura:
332 3466 462 3534 θέλομεν.
749 3503 753 3512 .

230 3531 262 3584 P.
271 3529 332 3595 256,
345 3531 361 3582 6
374 3530 452 3609 quod
464 3534 517 3596 est,
531 3537 616 3593 νοεῖν,
629 3533 708 3583 recte
721 3527 794 3581 illud
807 3534 950 3582 servatum
963 3525 999 3580 ab
1013 3525 1187 3594 editoribus,
1199 3524 1341 3593 reperitur

160 3597 248 3652 etiam
264 3597 293 3650 in
312 3597 429 3650 alterius
447 3596 522 3666 Epit.
541 3595 572 3653 C.
589 3595 702 3662 LXXI,
722 3596 773 3650 ubi
795 3595 863 3666 quid
883 3594 938 3650 sibi
954 3595 1076 3649 voluerit
1090 3591 1266 3662 Dresselius,
1287 3611 1339 3662 pro

161 3669 285 3735 ἐξελέγης
296 3664 452 3733 recipiens:
465 3667 603 3735 ἓξελέγιις,
616 3664 730 3719 difficile
743 3669 787 3718 est
801 3664 838 3718 ad
848 3662 1040 3717 divinandum.
1050 3693 1082 3701 -
1092 3661 1125 3717 V.
1137 3662 1152 3714 7
1164 3658 1226 3715 ficri
1236 3666 1339 3740 potest,

162 3741 195 3788 ut
207 3735 284 3798 ἐπεὶ,
298 3733 376 3804 quod
393 3739 437 3786 est
452 3733 482 3786 in
500 3732 600 3787 codice
614 3732 652 3800 0,
673 3750 730 3786 non
751 3732 892 3787 debeatur
909 3730 1012 3786 calami
1023 3729 1136 3799 lapsui,
1149 3730 1200 3782 sed
1212 3746 1291 3783 varra
1304 3729 1341 3782 sit

160 3801 250 3856 lectio
288 3819 333 3855 res
355 3803 465 3855 ondens
487 3799 537 3854 illa
556 3800 715 3869 particulae
739 3799 797 3865 ὅτι,
820 3817 894 3872 quae
916 3806 961 3855 est
977 3799 1006 3852 in
1027 3798 1175 3867 Epitomes
1193 3797 1296 3864 prioris
1309 3795 1340 3850 C.

162 3839 270 3922 Lxxi.
292 3819 403 3924 Veisic
414 3874 508 3922 tameo
522 3868 674 3922 retinenda
685 3867 799 3922 videtur
811 3867 921 3921 codicis
934 3865 956 3921 O
970 3867 1119 3936 scriptura.
1132 3895 1166 3904 -
1177 3865 1212 3918 V.
1225 3866 1242 3917 8
1255 3881 1340 3983 ippum

161 3943 283 4006 uterque
309 3935 500 3990 Homiliarum
522 3936 613 4000 codex
637 3935 789 4005 praebeat:
811 3935 914 4008 ἀνάγκη
938 3937 1023 3989 τοῦτο
1045 3931 1192 4003 προάγειν,
1205 3937 1245 4009 ,οῖ
1289 3929 1338 3998 pit.

160 4005 242 4058 alter.
258 4003 290 4058 C.
302 4001 393 4067 LXX,
416 4019 509 4075 aeque
529 4009 616 4074 atque
635 4003 697 4056 cod.
714 4020 775 4073 reg.
787 4002 846 4070 804,
868 4001 971 4075 ἀνάγκη
993 4000 1045 4068 (sie
1064 4000 1138 4052 enim
1156 3998 1339 4050 scribendum

161 4070 236 4143 erat)
256 4074 307 4128 τοῦ
324 4069 457 4144 πράττειν
474 4073 571 4130 τοῦτο,
592 4071 776 4124 statuendum
797 4069 864 4133 erit,
882 4070 911 4122 in
929 4067 1077 4122 codicibus
1090 4064 1279 4144 liomiliarum
1291 4069 1342 4117 aut

161 4146 230 4194 ante
243 4143 328 4196 τοῦτο
345 4139 541 4195 intercidisse:
560 4141 619 4193 τοῦ
637 4136 812 4210 πράττειν,
834 4142 921 4206 atque
938 4132 1073 4215 προάγειν
1089 4132 1160 4186 nrhrl
1181 4131 1259 4185 alrud
1272 4147 1341 4212 'esse

161 4225 249 4294 quam
267 4207 531 4278 interpretationem
551 4206 587 4259 ad
606 4206 690 4261 τοῦτο
712 4203 899 4272 adscriptam,
913 4207 962 4256 aut
974 4201 1105 4270 prrmitus
1118 4200 1225 4254 lectum
1237 4200 1340 4253 fuisse:

160 4273 533 4417 lldfltwlltlttl:
544 4270 714 4396 ‘'’tllltl
729 4268 1003 4392 [Vtilit‘iellii
1032 4267 1365 4408 ι’ἑέἕὲάιῖἒρέἓῗάῗλὶ·

235 4383 241 4395 ·
283 4387 289 4398 ·
534 4383 541 4406 ν
598 4383 602 4393 ·
699 4384 704 4395 -
815 4381 820 4391 .

1140 4424 1164 4463 19
