3126 4894
553 284 708 335 srmone
724 285 868 338 sarran
1236 277 1295 342 161

122 435 201 486 erant
218 448 255 484 cu
277 429 384 486 idiotes
403 430 481 501 Tyro
500 434 530 485 et
546 403 661 502 Sydone
675 436 705 486 et
720 431 829 502 Beryto
847 450 881 488 ac
897 431 993 504 Byblo
1009 436 1092 490 multi
1110 433 1194 492 simul
1210 438 1296 498 intra·

121 506 191 552 runt.
261 499 319 552 ulti
341 499 428 553 etiam
450 516 485 552 ex
510 499 520 551 i
543 515 574 552 sa
599 497 718 553 civitate
741 499 885 554 bominum
910 518 1062 556 concursus
1084 502 1192 559 fiebant
1215 507 1295 562 illum

18 619 19 626 ,
120 566 216 620 videre
236 567 469 620 desiderantium.
551 566 626 620 viam
647 566 736 638 igitur
755 567 878 635 iverunt,
900 568 949 638 qui
969 569 1005 623 ab
1028 587 1061 624 eo
1082 571 1162 624 missi
1183 572 1296 629 fuerant

120 633 237 700 fratres,
256 633 378 702 quitum
389 633 468 687 urbis
481 633 554 688 alias
566 650 625 700 res,
639 639 698 687 turn
712 633 834 688 Simonis
846 641 931 707 gesta
942 643 1075 692 accurate
1087 647 1249 709 narrarunt,
1266 647 1296 696 ct

121 701 302 771 excipientes
314 719 366 754 nos
379 701 410 754 in
422 701 535 761 domum
547 700 692 754 Marconis
706 701 853 756 duxerunt.
1167 730 1176 748 ·

187 784 253 837 LX.
290 785 392 838 Petrus
405 802 472 838 vero
485 784 541 838 iam
553 784 628 838 fores
641 783 760 855 hospitii
776 791 877 840 tenens
895 803 1047 842 conversus
1058 789 1189 860 promisit
1201 793 1295 847 multi-

120 852 224 918 tudini,
238 869 302 906 cras
316 869 346 906 se
360 853 395 905 de
407 851 465 906 Dei
478 853 558 906 cultu
569 852 657 906 verba
668 851 818 907 facturum.
847 853 997 926 Ingressus
1009 862 1105 910 autem
1116 858 1199 912 nobis
1213 859 1294 928 dixit,

120 938 176 973 non
188 919 270 989 prius
285 936 315 973 se
329 919 482 988 quidquam
496 919 555 974 cibi
569 936 633 974 esse
644 926 852 989 percepturum,
866 939 949 990 quam
961 939 1020 990 eos,
1035 924 1083 992 qui
1093 933 1294 995 convenerant,

119 987 269 1041 refecerit:
289 986 372 1040 nobis
389 994 484 1041 autem
500 986 844 1058 respondentibus,quod
857 1005 905 1042 eos
918 1007 1014 1044 omnes
1028 991 1155 1046 studiose
1168 1011 1294 1049 essemus

119 1054 271 1120 refecturi,
285 1053 387 1108 Petrus
400 1055 499 1108 audita
515 1071 545 1108 re
564 1060 593 1108 et
607 1053 731 1108 laudatis
744 1072 777 1108 ac
790 1055 952 1110 benedictis
965 1057 1047 1111 nobis
1060 1059 1161 1127 exivit,
1175 1079 1237 1114 cum
1259 1080 1294 1117 uc

120 1123 196 1176 lotus
210 1127 291 1176 esset
307 1123 338 1176 in
354 1122 424 1176 mari
437 1123 583 1192 ingressus
596 1128 656 1188 est,
675 1127 705 1176 et
715 1127 866 1242 postpuam
883 1124 977 1179 cibum
990 1142 1053 1179 cum
1064 1080 1295 1196 praecursoribus

121 1195 293 1258 sumpserat,
306 1195 392 1243 nocte
405 1189 576 1244 adveniente
591 1205 687 1244 somno
701 1205 731 1243 se
745 1189 779 1244 de
801 1189 832 1244 it.

188 1272 269 1326 LXI.
307 1271 365 1327 Sub
379 1273 534 1327 secundum
546 1289 612 1327 vero
624 1273 764 1344 gallorum
774 1280 889 1328 cantum
900 1275 1001 1329 Petrus
1012 1276 1229 1348 expergefactus
1242 1298 1294 1334 nos

122 1340 233 1394 invenit
244 1341 411 1412 vigilantes.
445 1340 564 1394 Eramus
577 1346 672 1394 autem
685 1357 782 1395 omnes
795 1359 858 1396 cum
871 1359 904 1396 eo
918 1343 1055 1396 sedecim:
1076 1343 1137 1413 ipse
1149 1345 1251 1399 Petrus
1264 1353 1293 1400 ct

122 1425 176 1478 ego
189 1407 340 1474 Clemens,
352 1407 472 1462 Nicetes
485 1412 514 1461 et
525 1407 646 1476 Aquila,
666 1413 751 1477 atque
765 1409 926 1476 duodecim,
940 1410 988 1479 qui
1000 1411 1161 1481 praegressi
1173 1412 1292 1467 fuerant.

121 1475 191 1530 Cum
211 1493 265 1530 nos
287 1475 411 1529 invicem
432 1476 648 1541 salutassemus,
671 1476 699 1528 in
737 1493 817 1529 essue
845 1481 889 1529 est
912 1494 945 1530 ex
966 1477 1155 1531 familiaribus
1176 1481 1291 1549 quidam

119 1543 204 1597 Petro
216 1543 369 1597 nuntians:
383 1541 479 1596 Simon
491 1560 591 1614 magus
603 1542 653 1596 ubi
666 1543 695 1596 di
717 1543 768 1596 icit
781 1548 810 1597 te
823 1544 984 1610 advenisse,
997 1561 1095 1597 versus
1106 1543 1217 1615 Syriam
1229 1565 1292 1616 pro·

120 1611 213 1665 fectus
232 1615 291 1678 est;
315 1610 415 1666 turbae
435 1620 543 1677 autem,
561 1627 633 1679 quae
650 1629 735 1664 unam
752 1609 826 1664 hanc
844 1617 957 1665 noctem
973 1613 1052 1664 velut
1065 1629 1169 1666 annum
1181 1619 1238 1668 tem
1259 1631 1293 1668 us

120 1678 286 1748 opinantur,
308 1695 362 1732 nec
378 1683 498 1747 possunt
518 1677 718 1748 praestitutum
739 1683 801 1732 ate
821 1678 895 1732 diem
917 1684 1096 1748 exspectare,
1117 1633 1294 1749 proforibus

121 1751 206 1812 stant,
220 1751 251 1799 et
264 1751 426 1815 percoctus
440 1762 473 1800 ac
487 1746 607 1798 circulos
622 1745 656 1798 de
670 1744 792 1799 Simonis
806 1745 955 1800 calumniis
969 1749 1044 1800 inter
1056 1763 1086 1800 se
1099 1747 1222 1802 invicem
1235 1750 1291 1802 col-

120 1813 283 1882 loquuntur,
298 1813 347 1882 qui
360 1831 423 1866 curn
436 1829 484 1866 eas
497 1813 527 1866 in
540 1830 618 1883 spem
630 1813 806 1879 adduxisset,
819 1819 904 1883 atque
916 1815 1064 1883 pollicitus
1077 1821 1162 1881 esset,
1176 1816 1251 1888 quod
1264 1822 1293 1870 te

120 1881 216 1933 multis
234 1881 271 1933 de
289 1880 455 1934 criminibus
473 1887 652 1960 praesentem
669 1887 746 1934 esset
763 1881 958 1948 convicturus,
978 1882 1094 1952 cognito
1107 1883 1232 1937 adventu
1243 1888 1293 1937 tuo

121 1964 150 2002 se
161 1953 251 2002 noctu
264 1948 295 2000 in
307 1947 404 2020 fugam
417 1948 585 2002 comecerit:
605 1947 656 2002 sed
669 1953 698 2000 et
711 1953 740 2002 te
754 1949 851 2002 audire
865 1948 1036 2004 desiderant.

119 2067 125 2076 ·
184 2030 280 2085 LXII.
307 2031 345 2086 Et
356 2032 457 2086 Petrus
468 2031 623 2086 admiratus
636 2031 716 2112 vulgi
729 2032 854 2086 studium
866 2033 1028 2104 respondit:
1043 2033 1167 2102 Videtis,
1180 2034 1291 2104 fratres,

120 2117 173 2220 ppo
189 2105 278 2170 pacto
293 2099 400 2154 domini
416 2099 507 2153 nostri
522 2099 610 2154 verba
626 2099 779 2154 manifesto
796 2100 987 2170 impleantur?
1009 2100 1128 2156 Memini
1140 2103 1215 2156 enim
1228 2119 1292 2156 eum

141 2167 227 2221 'ccret
252 2168 308 2220 Ma
321 2169 343 2221 a·
353 2167 458 2220 venient
469 2169 504 2219 ab
522 2169 629 2221 Oriente
640 2176 665 2220 ct
680 2169 836 2236 Occidente,
848 2187 866 2219 c
879 2169 1075 2238 Septemtrz'one
1087 2178 1112 2222 et
1123 2171 1256 2238 Meridie,
1268 2178 1293 2224 et

120 2235 273 2288 recumbent
285 2252 345 2288 crem
357 2235 518 2288 Abrahamo
530 2241 555 2287 et
566 2235 668 2288 Isacco
680 2243 705 2288 et
716 2237 825 2291 Iacobo.
849 2235 912 2296 ¹,Sed
923 2241 953 2289 et
965 2237 1064 2304 Multi,
1077 2236 1179 2306 inquit,
1192 2239 1291 2303 vocati,

138 2303 201 2356 acci
213 2319 279 2355 uero
299 2303 381 2356 electi.
415 2301 516 2372 Itaque
536 2302 612 2370 quod
627 2301 757 2368 veniant,
775 2319 831 2355 non
845 2309 889 2356 est
901 2320 996 2356 eorum
1007 2303 1164 2373 proprium,
1183 2304 1292 2358 sedeat

148 2369 187 2434 ei,
205 2369 256 2440 qui
271 2385 321 2422 eos
333 2369 455 2423 vocavit.
490 2369 571 2434 Quod
584 2369 608 2422 si
620 2375 686 2439 post
698 2368 877 2423 vocationem
889 2369 992 2422 bonao
1015 2370 1197 2436 arefaciant,
1215 2371 1291 2439 quod

120 2454 212 2491 corum
227 2443 273 2491 est
284 2437 436 2506 proprium,
449 2442 517 2490 tunc
529 2454 579 2506 pro
593 2454 626 2491 eo
638 2435 780 2505 recipient
791 2435 959 2489 mercedem.
1022 2443 1035 2489 t
1047 2442 1142 2490 autem
1154 2437 1204 2490 ille
1217 2438 1290 2490 vidit

119 2505 226 2570 turbas,
240 2504 322 2558 velut
331 2504 422 2558 amnis
431 2503 575 2574 placidum
587 2504 725 2558 fluentum
734 2503 838 2556 leniter
847 2508 1047 2568 commeantes,
1062 2503 1134 2556 dixit
1145 2501 1289 2556 Marocni:

119 2571 174 2626 Ubi
186 2571 253 2625 heic
266 2571 321 2625 tibi
334 2570 414 2625 locus
427 2575 480 2636 est,
512 2571 542 2624 ui
553 2571 646 2642 possit
660 2587 761 2640 capere
771 2569 844 2622 hanc
854 2569 1085 2623 multitudinem?
1103 2570 1142 2623 Et
1154 2569 1288 2625 Marcone

119 2639 279 2693 deducente
290 2655 353 2692 eum
360 2639 389 2690 in
400 2589 558 2700 subdialem
568 2645 597 2693 ct
606 2638 689 2694 horto
698 2637 843 2692 excultum
855 2637 957 2704 locum,
972 2644 1086 2692 secutae
1100 2642 1165 2690 sunt
1178 2637 1287 2692 turbae.

183 2723 295 2776 LXIII.
330 2723 432 2776 Petrus
449 2728 545 2777 autem
562 2740 646 2792 super
662 2721 755 2776 basim
772 2727 884 2776 statuae
902 2739 959 2775 non
975 2721 1126 2775 admodum
1148 2721 1290 2781 excelsam

118 2791 281 2845 consistens
299 2791 485 2860 simulatque
502 2791 636 2869 populum
654 2807 729 2844 more
747 2789 883 2862 religioso
900 2789 1049 2856 salutavit,
1067 2789 1166 2843 videns
1184 2789 1289 2842 multos

118 2859 262 2914 adstantis
280 2858 375 2928 plebis
388 2875 406 2912 a
422 2858 605 2913 daemcmbus
623 2862 652 2910 et
667 2857 796 2928 pluribus
815 2857 919 2911 morbis
937 2856 993 2911 iam
1011 2857 1060 2910 diu
1076 2857 1243 2911 molestatos
1255 2873 1289 2910 ac

117 2927 237 2981 stridere
251 2943 316 2980 cum
327 2927 440 2980 ululatu
452 2931 481 2979 et
496 2925 642 2994 procidere
661 2943 723 2978 cum
742 2925 966 2995 supplicatione,
983 2925 1132 2995 increpitis
1150 2924 1186 2977 iis
1204 2924 1288 2978 silen-

115 2995 245 3064 tiumque
262 2999 360 3048 tenere
377 2993 478 3058 iussis,
498 3009 610 3047 necnon
630 2993 778 3062 pollicitus
801 2993 977 3048 curationem
996 2997 1063 3064 'post
1083 2991 1212 3047 habitum
1234 3009 1289 3046 scr-

117 3080 230 3116 monem
244 3061 286 3115 ita
299 3060 377 3130 loqui
390 3060 499 3130 coepit:

183 3145 292 3199 LXIV.
328 3145 423 3213 Deus,
439 3143 488 3214 qui
501 3143 681 3222 solusbonus
695 3150 740 3198 cst
754 3151 913 3214 cunctaque
925 3145 1069 3214 praeclare
1081 3145 1160 3212 fecit,
1173 3151 1290 3215 propter

117 3215 240 3268 salutem
258 3212 372 3284 generis
389 3211 505 3266 humani
522 3216 600 3263 mrsrt
615 3211 795 3282 unigenitum
812 3211 903 3264 filium
916 3229 996 3264 suum
1009 3212 1152 3265 dominum
1163 3219 1289 3265 nostrum

115 3281 211 3335 Iesum
222 3279 377 3346 Christum,
390 3280 439 3350 qui
452 3279 478 3334 ei
489 3278 598 3350 placita
606 3279 738 3349 vulgaret
748 3279 897 3358 legemque
908 3277 988 3330 daret
999 3284 1153 3344 aeternam,
1166 3284 1197 3330 ut
1209 3278 1288 3332 illam

115 3355 255 3420 perpetuo
269 3347 465 3402 custodientes
478 3352 507 3400 et
519 3345 659 3426 baptizati
671 3347 701 3398 in
716 3345 911 3398 rem1ssionem
922 3352 1104 3414 peccatorum
1115 3345 1175 3396 vita
1188 3345 1288 3412 sempi-

115 3424 197 3471 terna
223 3416 366 3470 donemur.
414 3413 564 3468 Enitimim
585 3413 686 3493 igitur,
707 3419 739 3465 ut
766 3411 908 3466 sordidum
937 3411 1139 3464 vestimentum
1163 3416 1288 3462 vestrum

116 3485 239 3551 exuatis,
254 3485 329 3553 quod
343 3489 387 3536 est
400 3481 558 3534 immundus
573 3481 696 3551 sprritus.
723 3479 786 3534 Hoc
799 3484 895 3533 autem
907 3495 964 3532 non
975 3477 1097 3547 potestis
1110 3477 1168 3532 alia
1178 3477 1288 3531 ratione

117 3738 290 3803 ensa-3)
303 3735 415 3808 Βύβλου
428 3742 459 3791 V.
477 3737 555 3804 —4)
569 3741 684 3798 πολλοῖς
778 3741 838 3806 Cap.
851 3740 933 3789 LXII.
971 3734 1288 3801 1)Mstth.8,11.Luc.

118 3812 146 3861 0.
155 3839 190 3847 -
203 3807 231 3870 5)
245 3804 293 3860 ἀπ’
307 3805 391 3873 αὐτῆς
402 3810 476 3858 Hom.
492 3809 563 3870 VIII,
579 3807 599 3856 l.
613 3809 683 3874 Epit.
720 3805 767 3869 113,
781 3805 822 3858 29.
834 3835 868 3842 -
879 3805 907 3872 2)
920 3808 964 3858 καὶ
977 3823 1024 3856 om.
1038 3807 1068 3856 0.
1089 3807 1179 3855 Matth.
1192 3801 1233 3866 22,
1248 3800 1287 3851 14,

118 3906 150 3914 -
167 3873 195 3944 6)
215 3871 425 3946 συνετύγχομεν
442 3870 493 3928 οὖν
511 3878 555 3926 καὶ
569 3875 596 3925 ct
608 3877 684 3925 0,-
725 3870 799 3941 -3)
815 3876 919 3925 autom.
933 3869 1056 3939 0.-4)
1070 3873 1163 3923 Girsu
1182 3867 1288 3920 mabil

119 3938 256 4012 l)dmyori
282 3939 683 4011 croeom.‚V.—8)Mcpo‹ivon
726 3944 813 3992 lin-
829 3940 857 3999 5)
868 3945 979 4010 rauseis
992 3936 1164 4006 (subnotatum
1184 3941 1289 4006 χωρεῖν

117 4014 191 4130 Ηοὸω.
209 4006 449 4081 ibi.Mc<›ouirov
465 4010 683 4076 Epit.Gfr.int're
727 4011 755 4058 0.
773 4037 805 4044 —
823 4004 851 4075 6)
863 4011 909 4059 καὶ
920 4008 1041 4058 om.0et
1053 4008 1095 4056 Or.
1112 4005 1182 4054 Idem
1195 4005 1236 4053 Or.
1250 4004 1289 4059 εἰς
1331 4009 1336 4023 ¹

120 4095 140 4129 c.
169 4078 194 4129 2.
726 4071 777 4139 τὴν
790 4071 837 4126 tn.

169 4144 620 4280 titillasset.
650 4239 682 4246 ,.
985 4169 1012 4240 1>
1180 4171 1210 4222 v.

120 4278 146 4348 2)
159 4275 366 4349 ἐπιδημήσαντι
381 4283 412 4331 V.
511 4281 514 4289 ’
777 4276 835 4342 Cap.
854 4275 947 4325 LXIV.
985 4269 1010 4339 l)
1047 4273 1158 4325 ἐκείνων
1181 4272 1212 4321 V.
1247 4298 1281 4306 -

1086 4409 1109 4445 11
