<?xml version="1.0" encoding="UTF-8"?>
<!DOCTYPE html PUBLIC "-//W3C//DTD XHTML 1.0 Transitional//EN"
    "http://www.w3.org/TR/xhtml1/DTD/xhtml1-transitional.dtd">
<html xmlns="http://www.w3.org/1999/xhtml" xml:lang="en" lang="en">
 <head>
  <title>
</title>
<meta http-equiv="Content-Type" content="text/html;charset=utf-8" />
  <meta name='ocr-system' content='tesseract 3.04.00' />
  <meta name='ocr-capabilities' content='ocr_page ocr_carea ocr_par ocr_line ocrx_word'/>
</head>
<body>
  <div class='ocr_page' id='page_1' title='image "./clementinorumep00dresgoog_0110.png"; bbox 0 0 3126 4894; ppageno 0'>
   <div class='ocr_carea' id='block_1_1' title="bbox 577 289 1313 356">
    <p class='ocr_par' dir='ltr' id='par_1_1' title="bbox 577 289 1313 356">
     <span class='ocr_line' id='line_1_1' title="bbox 577 289 1313 356; baseline -0.001 -2"><span class='ocrx_word' id='word_1_1' title='bbox 577 303 730 356; x_wconf 78' lang='lat' dir='ltr'>nmroun</span> <span class='ocrx_word' id='word_1_2' title='bbox 748 303 859 356; x_wconf 69' lang='lat' dir='ltr'>aaron</span> <span class='ocrx_word' id='word_1_3' title='bbox 1267 289 1313 354; x_wconf 87' lang='lat'>91</span> 
     </span>
    </p>
   </div>
   <div class='ocr_carea' id='block_1_2' title="bbox 131 450 1314 1740">
    <p class='ocr_par' dir='ltr' id='par_1_2' title="bbox 133 450 1314 862">
     <span class='ocr_line' id='line_1_2' title="bbox 136 450 1314 533; baseline 0 -27"><span class='ocrx_word' id='word_1_4' title='bbox 136 453 215 507; x_wconf 89' lang='lat' dir='ltr'>bioni</span> <span class='ocrx_word' id='word_1_5' title='bbox 229 453 421 522; x_wconf 82' lang='lat' dir='ltr'>persuadebo,</span> <span class='ocrx_word' id='word_1_6' title='bbox 434 457 466 506; x_wconf 94' lang='lat' dir='ltr'>ut</span> <span class='ocrx_word' id='word_1_7' title='bbox 479 469 543 506; x_wconf 90' lang='lat' dir='ltr'>cum</span> <span class='ocrx_word' id='word_1_8' title='bbox 559 450 706 506; x_wconf 82' lang='lat' dir='ltr'>Clemente</span> <span class='ocrx_word' id='word_1_9' title='bbox 722 452 849 533; x_wconf 87' lang='lat' dir='ltr'>disputet</span> <span class='ocrx_word' id='word_1_10' title='bbox 863 451 897 506; x_wconf 90' lang='lat' dir='ltr'>dc</span> <span class='ocrx_word' id='word_1_11' title='bbox 920 452 1034 508; x_wconf 84' lang='lat' dir='ltr'>Genesi.</span> <span class='ocrx_word' id='word_1_12' title='bbox 1069 451 1107 506; x_wconf 86' lang='lat' dir='ltr'>Et</span> <span class='ocrx_word' id='word_1_13' title='bbox 1124 453 1225 507; x_wconf 88' lang='lat' dir='ltr'>Petrus</span> <span class='ocrx_word' id='word_1_14' title='bbox 1242 451 1314 508; x_wconf 83' lang='lat' dir='ltr'>Con·</span> 
     </span>
     <span class='ocr_line' id='line_1_3' title="bbox 136 519 1313 590; baseline -0.002 -16"><span class='ocrx_word' id='word_1_15' title='bbox 136 520 220 587; x_wconf 81' lang='lat' dir='ltr'>cedo,</span> <span class='ocrx_word' id='word_1_16' title='bbox 245 519 355 590; x_wconf 89' lang='lat' dir='ltr'>inquit,</span> <span class='ocrx_word' id='word_1_17' title='bbox 381 520 465 574; x_wconf 89' lang='lat' dir='ltr'>laudo</span> <span class='ocrx_word' id='word_1_18' title='bbox 490 519 590 586; x_wconf 87' lang='lat' dir='ltr'>etiam,</span> <span class='ocrx_word' id='word_1_19' title='bbox 614 521 690 590; x_wconf 91' lang='lat' dir='ltr'>quod</span> <span class='ocrx_word' id='word_1_20' title='bbox 714 537 868 575; x_wconf 78' lang='lat' dir='ltr'>amicorum</span> <span class='ocrx_word' id='word_1_21' title='bbox 909 526 984 575; x_wconf 89' lang='lat' dir='ltr'>artes</span> <span class='ocrx_word' id='word_1_22' title='bbox 1009 525 1037 574; x_wconf 88' lang='lat' dir='ltr'>et</span> <span class='ocrx_word' id='word_1_23' title='bbox 1063 519 1160 574; x_wconf 87' lang='lat' dir='ltr'>officia</span> <span class='ocrx_word' id='word_1_24' title='bbox 1186 520 1313 590; x_wconf 86' lang='lat' dir='ltr'>impleas.</span> 
     </span>
     <span class='ocr_line' id='line_1_4' title="bbox 133 539 1314 658; baseline -0.001 -16"><span class='ocrx_word' id='word_1_25' title='bbox 133 589 339 642; x_wconf 82' lang='lat' dir='ltr'>Verumtamen</span> <span class='ocrx_word' id='word_1_26' title='bbox 352 587 422 641; x_wconf 92' lang='lat' dir='ltr'>mihi</span> <span class='ocrx_word' id='word_1_27' title='bbox 437 587 543 658; x_wconf 86' lang='lat' dir='ltr'>cogita,</span> <span class='ocrx_word' id='word_1_28' title='bbox 558 603 612 656; x_wconf 92' lang='lat' dir='ltr'>quo</span> <span class='ocrx_word' id='word_1_29' title='bbox 626 587 709 642; x_wconf 91' lang='lat' dir='ltr'>modo</span> <span class='ocrx_word' id='word_1_30' title='bbox 723 589 877 643; x_wconf 89' lang='lat' dir='ltr'>seeundum</span> <span class='ocrx_word' id='word_1_31' title='bbox 889 539 947 642; x_wconf 79' lang='lat' dir='ltr'>l)ei</span> <span class='ocrx_word' id='word_1_32' title='bbox 962 587 1170 658; x_wconf 88' lang='lat' dir='ltr'>providentiam</span> <span class='ocrx_word' id='word_1_33' title='bbox 1188 587 1314 658; x_wconf 88' lang='lat' dir='ltr'>undique</span> 
     </span>
     <span class='ocr_line' id='line_1_5' title="bbox 135 655 1314 726; baseline -0.003 -16"><span class='ocrx_word' id='word_1_34' title='bbox 135 661 321 722; x_wconf 86' lang='lat' dir='ltr'>concurrant,</span> <span class='ocrx_word' id='word_1_35' title='bbox 340 673 413 726; x_wconf 86' lang='lat' dir='ltr'>quae</span> <span class='ocrx_word' id='word_1_36' title='bbox 435 656 472 710; x_wconf 92' lang='lat' dir='ltr'>ad</span> <span class='ocrx_word' id='word_1_37' title='bbox 508 656 572 709; x_wconf 90' lang='lat' dir='ltr'>lene</span> <span class='ocrx_word' id='word_1_38' title='bbox 590 655 751 710; x_wconf 87' lang='lat' dir='ltr'>faciendam</span> <span class='ocrx_word' id='word_1_39' title='bbox 772 656 827 710; x_wconf 90' lang='lat' dir='ltr'>tibi</span> <span class='ocrx_word' id='word_1_40' title='bbox 848 655 934 710; x_wconf 88' lang='lat' dir='ltr'>fidem</span> <span class='ocrx_word' id='word_1_41' title='bbox 955 655 1113 726; x_wconf 79' lang='lat' dir='ltr'>pertinent,</span> <span class='ocrx_word' id='word_1_42' title='bbox 1135 659 1233 724; x_wconf 89' lang='lat' dir='ltr'>aptum</span> <span class='ocrx_word' id='word_1_43' title='bbox 1253 671 1314 724; x_wconf 92' lang='lat' dir='ltr'>per-</span> 
     </span>
     <span class='ocr_line' id='line_1_6' title="bbox 134 722 1313 794; baseline -0.002 -18"><span class='ocrx_word' id='word_1_44' title='bbox 134 722 265 777; x_wconf 82' lang='lat' dir='ltr'>ficientia</span> <span class='ocrx_word' id='word_1_45' title='bbox 278 730 456 778; x_wconf 87' lang='lat' dir='ltr'>concentum.</span> <span class='ocrx_word' id='word_1_46' title='bbox 513 741 546 776; x_wconf 91' lang='lat' dir='ltr'>oc</span> <span class='ocrx_word' id='word_1_47' title='bbox 560 727 655 776; x_wconf 86' lang='lat' dir='ltr'>autern</span> <span class='ocrx_word' id='word_1_48' title='bbox 669 723 742 790; x_wconf 84' lang='lat' dir='ltr'>dixi,</span> <span class='ocrx_word' id='word_1_49' title='bbox 760 724 827 794; x_wconf 93' lang='lat' dir='ltr'>quia</span> <span class='ocrx_word' id='word_1_50' title='bbox 839 722 1019 777; x_wconf 90' lang='lat' dir='ltr'>Annubionis</span> <span class='ocrx_word' id='word_1_51' title='bbox 1032 723 1172 778; x_wconf 85' lang='lat' dir='ltr'>adventus</span> <span class='ocrx_word' id='word_1_52' title='bbox 1184 723 1239 777; x_wconf 90' lang='lat' dir='ltr'>tibi</span> <span class='ocrx_word' id='word_1_53' title='bbox 1251 723 1313 775; x_wconf 87' lang='lat' dir='ltr'>usui</span> 
     </span>
     <span class='ocr_line' id='line_1_7' title="bbox 134 790 1214 862; baseline 0.002 -18"><span class='ocrx_word' id='word_1_54' title='bbox 134 791 250 862; x_wconf 86' lang='lat' dir='ltr'>obtigit.</span> <span class='ocrx_word' id='word_1_55' title='bbox 282 792 321 844; x_wconf 89' lang='lat' dir='ltr'>Et</span> <span class='ocrx_word' id='word_1_56' title='bbox 353 798 415 845; x_wconf 88' lang='lat' dir='ltr'>ater</span> <span class='ocrx_word' id='word_1_57' title='bbox 427 791 511 856; x_wconf 90' lang='lat' dir='ltr'>Vere,</span> <span class='ocrx_word' id='word_1_58' title='bbox 525 790 628 860; x_wconf 91' lang='lat' dir='ltr'>inquit,</span> <span class='ocrx_word' id='word_1_59' title='bbox 642 807 696 861; x_wconf 85' lang='lat' dir='ltr'>ego</span> <span class='ocrx_word' id='word_1_60' title='bbox 710 808 821 862; x_wconf 91' lang='lat' dir='ltr'>quoque</span> <span class='ocrx_word' id='word_1_61' title='bbox 835 791 989 862; x_wconf 77' lang='lat' dir='ltr'>conspicio,</span> <span class='ocrx_word' id='word_1_62' title='bbox 1001 791 1032 844; x_wconf 91' lang='lat' dir='ltr'>id</span> <span class='ocrx_word' id='word_1_63' title='bbox 1047 791 1089 845; x_wconf 92' lang='lat' dir='ltr'>ita</span> <span class='ocrx_word' id='word_1_64' title='bbox 1100 790 1214 846; x_wconf 86' lang='lat' dir='ltr'>habere.</span> 
     </span>
    </p>

    <p class='ocr_par' dir='ltr' id='par_1_3' title="bbox 131 856 1314 1404">
     <span class='ocr_line' id='line_1_8' title="bbox 203 856 1314 928; baseline -0.002 -14"><span class='ocrx_word' id='word_1_65' title='bbox 203 857 334 914; x_wconf 83' lang='lat' dir='ltr'>CXXXI</span> <span class='ocrx_word' id='word_1_66' title='bbox 364 901 370 912; x_wconf 94' lang='lat'><em>.</em></span> <span class='ocrx_word' id='word_1_67' title='bbox 399 856 495 928; x_wconf 86' lang='lat' dir='ltr'>Atque</span> <span class='ocrx_word' id='word_1_68' title='bbox 507 857 657 928; x_wconf 79' lang='lat' dir='ltr'>posthaec</span> <span class='ocrx_word' id='word_1_69' title='bbox 671 859 749 912; x_wconf 90' lang='lat' dir='ltr'>dicta</span> <span class='ocrx_word' id='word_1_70' title='bbox 764 859 909 928; x_wconf 83' lang='lat' dir='ltr'>profectus</span> <span class='ocrx_word' id='word_1_71' title='bbox 922 865 967 912; x_wconf 91' lang='lat' dir='ltr'>est</span> <span class='ocrx_word' id='word_1_72' title='bbox 985 859 1022 912; x_wconf 90' lang='lat' dir='ltr'>ad</span> <span class='ocrx_word' id='word_1_73' title='bbox 1035 857 1185 920; x_wconf 81' lang='lat' dir='ltr'>Simonem.</span> <span class='ocrx_word' id='word_1_74' title='bbox 1213 859 1314 912; x_wconf 90' lang='lat' dir='ltr'>Inven-</span> 
     </span>
     <span class='ocr_line' id='line_1_9' title="bbox 132 924 1314 996; baseline 0.001 -17"><span class='ocrx_word' id='word_1_75' title='bbox 132 927 170 979; x_wconf 91' lang='lat' dir='ltr'>tis</span> <span class='ocrx_word' id='word_1_76' title='bbox 192 933 291 982; x_wconf 86' lang='lat' dir='ltr'>autem</span> <span class='ocrx_word' id='word_1_77' title='bbox 309 925 442 996; x_wconf 88' lang='lat' dir='ltr'>Appione</span> <span class='ocrx_word' id='word_1_78' title='bbox 462 932 491 980; x_wconf 89' lang='lat' dir='ltr'>et</span> <span class='ocrx_word' id='word_1_79' title='bbox 511 924 683 980; x_wconf 90' lang='lat' dir='ltr'>Annubione</span> <span class='ocrx_word' id='word_1_80' title='bbox 702 944 735 980; x_wconf 92' lang='lat' dir='ltr'>ac</span> <span class='ocrx_word' id='word_1_81' title='bbox 755 927 887 980; x_wconf 90' lang='lat' dir='ltr'>salutatis</span> <span class='ocrx_word' id='word_1_82' title='bbox 905 926 1042 981; x_wconf 89' lang='lat' dir='ltr'>consedit.</span> <span class='ocrx_word' id='word_1_83' title='bbox 1074 927 1172 980; x_wconf 81' lang='lat' dir='ltr'>Simon</span> <span class='ocrx_word' id='word_1_84' title='bbox 1188 943 1254 980; x_wconf 88' lang='lat' dir='ltr'>vero</span> <span class='ocrx_word' id='word_1_85' title='bbox 1266 944 1314 980; x_wconf 88' lang='lat' dir='ltr'>au·</span> 
     </span>
     <span class='ocr_line' id='line_1_10' title="bbox 133 993 1314 1066; baseline -0.001 -19"><span class='ocrx_word' id='word_1_86' title='bbox 133 995 226 1061; x_wconf 90' lang='lat' dir='ltr'>diens,</span> <span class='ocrx_word' id='word_1_87' title='bbox 241 995 381 1063; x_wconf 90' lang='lat' dir='ltr'>quosdam</span> <span class='ocrx_word' id='word_1_88' title='bbox 395 993 475 1047; x_wconf 89' lang='lat' dir='ltr'>iussu</span> <span class='ocrx_word' id='word_1_89' title='bbox 485 994 566 1066; x_wconf 90' lang='lat' dir='ltr'>regio</span> <span class='ocrx_word' id='word_1_90' title='bbox 579 993 797 1060; x_wconf 90' lang='lat' dir='ltr'>adventaturos,</span> <span class='ocrx_word' id='word_1_91' title='bbox 811 993 859 1064; x_wconf 92' lang='lat' dir='ltr'>qui</span> <span class='ocrx_word' id='word_1_92' title='bbox 872 994 964 1064; x_wconf 91' lang='lat' dir='ltr'>ipsum</span> <span class='ocrx_word' id='word_1_93' title='bbox 977 1001 1143 1064; x_wconf 82' lang='lat' dir='ltr'>quaererent</span> <span class='ocrx_word' id='word_1_94' title='bbox 1156 994 1260 1064; x_wconf 90' lang='lat' dir='ltr'>quique</span> <span class='ocrx_word' id='word_1_95' title='bbox 1273 993 1314 1046; x_wconf 92' lang='lat' dir='ltr'>di-</span> 
     </span>
     <span class='ocr_line' id='line_1_11' title="bbox 133 1060 1314 1129; baseline -0.002 -13"><span class='ocrx_word' id='word_1_96' title='bbox 133 1070 246 1129; x_wconf 86' lang='lat' dir='ltr'>cerent,</span> <span class='ocrx_word' id='word_1_97' title='bbox 268 1060 421 1116; x_wconf 85' lang='lat' dir='ltr'>Caesarem</span> <span class='ocrx_word' id='word_1_98' title='bbox 438 1062 535 1114; x_wconf 88' lang='lat' dir='ltr'>multis</span> <span class='ocrx_word' id='word_1_99' title='bbox 548 1079 593 1115; x_wconf 87' lang='lat' dir='ltr'>ma</span> <span class='ocrx_word' id='word_1_100' title='bbox 616 1061 641 1113; x_wconf 88' lang='lat' dir='ltr'>is</span> <span class='ocrx_word' id='word_1_101' title='bbox 655 1061 815 1116; x_wconf 86' lang='lat' dir='ltr'>interfectis</span> <span class='ocrx_word' id='word_1_102' title='bbox 834 1061 937 1116; x_wconf 90' lang='lat' dir='ltr'>deinde</span> <span class='ocrx_word' id='word_1_103' title='bbox 950 1069 979 1116; x_wconf 88' lang='lat' dir='ltr'>et</span> <span class='ocrx_word' id='word_1_104' title='bbox 992 1063 1027 1117; x_wconf 89' lang='lat' dir='ltr'>de</span> <span class='ocrx_word' id='word_1_105' title='bbox 1040 1061 1153 1117; x_wconf 89' lang='lat' dir='ltr'>Simone</span> <span class='ocrx_word' id='word_1_106' title='bbox 1167 1063 1314 1116; x_wconf 89' lang='lat' dir='ltr'>certiorem</span> 
     </span>
     <span class='ocr_line' id='line_1_12' title="bbox 132 1079 1314 1200; baseline 0.002 -18"><span class='ocrx_word' id='word_1_107' title='bbox 132 1131 242 1184; x_wconf 88' lang='lat' dir='ltr'>factum</span> <span class='ocrx_word' id='word_1_108' title='bbox 256 1129 295 1183; x_wconf 91' lang='lat' dir='ltr'>ad</span> <span class='ocrx_word' id='word_1_109' title='bbox 307 1129 560 1200; x_wconf 84' lang='lat' dir='ltr'>investigationem</span> <span class='ocrx_word' id='word_1_110' title='bbox 572 1079 652 1183; x_wconf 72' lang='lat' dir='ltr'>illius</span> <span class='ocrx_word' id='word_1_111' title='bbox 665 1129 792 1196; x_wconf 87' lang='lat' dir='ltr'>misisse,</span> <span class='ocrx_word' id='word_1_112' title='bbox 809 1137 841 1184; x_wconf 84' lang='lat' dir='ltr'>ut</span> <span class='ocrx_word' id='word_1_113' title='bbox 858 1129 888 1182; x_wconf 92' lang='lat' dir='ltr'>in</span> <span class='ocrx_word' id='word_1_114' title='bbox 902 1131 983 1183; x_wconf 92' lang='lat' dir='ltr'>illum</span> <span class='ocrx_word' id='word_1_115' title='bbox 995 1130 1082 1185; x_wconf 90' lang='lat' dir='ltr'>etiam</span> <span class='ocrx_word' id='word_1_116' title='bbox 1096 1131 1314 1196; x_wconf 88' lang='lat' dir='ltr'>animadvertat,</span> 
     </span>
     <span class='ocr_line' id='line_1_13' title="bbox 131 1194 1312 1268; baseline -0.001 -17"><span class='ocrx_word' id='word_1_117' title='bbox 131 1198 167 1251; x_wconf 89' lang='lat' dir='ltr'>ad</span> <span class='ocrx_word' id='word_1_118' title='bbox 179 1197 386 1251; x_wconf 88' lang='lat' dir='ltr'>Annubionem</span> <span class='ocrx_word' id='word_1_119' title='bbox 400 1205 429 1252; x_wconf 91' lang='lat' dir='ltr'>et</span> <span class='ocrx_word' id='word_1_120' title='bbox 439 1196 600 1268; x_wconf 89' lang='lat' dir='ltr'>Appionem</span> <span class='ocrx_word' id='word_1_121' title='bbox 613 1194 692 1250; x_wconf 87' lang='lat' dir='ltr'>infit:</span> <span class='ocrx_word' id='word_1_122' title='bbox 706 1197 844 1252; x_wconf 86' lang='lat' dir='ltr'>Faustum</span> <span class='ocrx_word' id='word_1_123' title='bbox 853 1198 901 1266; x_wconf 90' lang='lat' dir='ltr'>qui</span> <span class='ocrx_word' id='word_1_124' title='bbox 912 1199 949 1252; x_wconf 90' lang='lat' dir='ltr'>ad</span> <span class='ocrx_word' id='word_1_125' title='bbox 960 1215 1011 1252; x_wconf 89' lang='lat' dir='ltr'>nos</span> <span class='ocrx_word' id='word_1_126' title='bbox 1024 1199 1104 1252; x_wconf 85' lang='lat' dir='ltr'>venit</span> <span class='ocrx_word' id='word_1_127' title='bbox 1116 1197 1205 1252; x_wconf 90' lang='lat' dir='ltr'>facite</span> <span class='ocrx_word' id='word_1_128' title='bbox 1218 1198 1312 1252; x_wconf 91' lang='lat' dir='ltr'>cibum</span> 
     </span>
     <span class='ocr_line' id='line_1_14' title="bbox 131 1264 1313 1336; baseline -0.001 -18"><span class='ocrx_word' id='word_1_129' title='bbox 131 1267 285 1320; x_wconf 87' lang='lat' dir='ltr'>nobiscum</span> <span class='ocrx_word' id='word_1_130' title='bbox 300 1282 425 1334; x_wconf 81' lang='lat' dir='ltr'>sumere3</span> <span class='ocrx_word' id='word_1_131' title='bbox 439 1282 492 1336; x_wconf 87' lang='lat' dir='ltr'>ego</span> <span class='ocrx_word' id='word_1_132' title='bbox 506 1271 600 1319; x_wconf 89' lang='lat' dir='ltr'>autem</span> <span class='ocrx_word' id='word_1_133' title='bbox 613 1271 790 1334; x_wconf 84' lang='lat' dir='ltr'>unguentum</span> <span class='ocrx_word' id='word_1_134' title='bbox 803 1266 943 1336; x_wconf 85' lang='lat' dir='ltr'>quoddam</span> <span class='ocrx_word' id='word_1_135' title='bbox 957 1264 1119 1331; x_wconf 87' lang='lat' dir='ltr'>conficiam,</span> <span class='ocrx_word' id='word_1_136' title='bbox 1132 1271 1164 1318; x_wconf 96' lang='lat' dir='ltr'>ut</span> <span class='ocrx_word' id='word_1_137' title='bbox 1177 1271 1313 1320; x_wconf 86' lang='lat' dir='ltr'>coenatus</span> 
     </span>
     <span class='ocr_line' id='line_1_15' title="bbox 134 1332 1156 1404; baseline -0.002 -16"><span class='ocrx_word' id='word_1_138' title='bbox 134 1341 162 1388; x_wconf 85' lang='lat' dir='ltr'>et</span> <span class='ocrx_word' id='word_1_139' title='bbox 174 1351 267 1404; x_wconf 88' lang='lat' dir='ltr'>perun</span> <span class='ocrx_word' id='word_1_140' title='bbox 293 1351 343 1386; x_wconf 90' lang='lat' dir='ltr'>ens</span> <span class='ocrx_word' id='word_1_141' title='bbox 358 1350 387 1386; x_wconf 87' lang='lat' dir='ltr'>se</span> <span class='ocrx_word' id='word_1_142' title='bbox 408 1333 518 1386; x_wconf 88' lang='lat' dir='ltr'>eunetis</span> <span class='ocrx_word' id='word_1_143' title='bbox 531 1332 636 1387; x_wconf 88' lang='lat' dir='ltr'>habere</span> <span class='ocrx_word' id='word_1_144' title='bbox 649 1337 767 1388; x_wconf 84' lang='lat' dir='ltr'>formam</span> <span class='ocrx_word' id='word_1_145' title='bbox 779 1351 869 1388; x_wconf 89' lang='lat' dir='ltr'>meam</span> <span class='ocrx_word' id='word_1_146' title='bbox 883 1333 1020 1386; x_wconf 87' lang='lat' dir='ltr'>videatur.</span> <span class='ocrx_word' id='word_1_147' title='bbox 1152 1347 1156 1356; x_wconf 69' lang='lat'><strong><em>⁴</em></strong></span> 
     </span>
    </p>

    <p class='ocr_par' dir='ltr' id='par_1_4' title="bbox 131 1399 1314 1740">
     <span class='ocr_line' id='line_1_16' title="bbox 200 1399 1314 1470; baseline -0.001 -16"><span class='ocrx_word' id='word_1_148' title='bbox 200 1401 256 1454; x_wconf 86' lang='lat' dir='ltr'>CX</span> <span class='ocrx_word' id='word_1_149' title='bbox 288 1400 352 1454; x_wconf 91' lang='lat' dir='ltr'>XV.</span> <span class='ocrx_word' id='word_1_150' title='bbox 384 1399 510 1470; x_wconf 83' lang='lat' dir='ltr'>Cumque</span> <span class='ocrx_word' id='word_1_151' title='bbox 527 1399 597 1455; x_wconf 87' lang='lat' dir='ltr'>haec</span> <span class='ocrx_word' id='word_1_152' title='bbox 616 1400 713 1455; x_wconf 82' lang='lat' dir='ltr'>Simon</span> <span class='ocrx_word' id='word_1_153' title='bbox 731 1401 865 1466; x_wconf 86' lang='lat' dir='ltr'>dixisset,</span> <span class='ocrx_word' id='word_1_154' title='bbox 883 1399 998 1470; x_wconf 90' lang='lat' dir='ltr'>Appion</span> <span class='ocrx_word' id='word_1_155' title='bbox 1017 1406 1046 1454; x_wconf 92' lang='grc'>01</span> <span class='ocrx_word' id='word_1_156' title='bbox 1062 1399 1215 1454; x_wconf 89' lang='lat' dir='ltr'>Annubion</span> <span class='ocrx_word' id='word_1_157' title='bbox 1233 1399 1314 1453; x_wconf 90' lang='lat' dir='ltr'>aiunt</span> 
     </span>
     <span class='ocr_line' id='line_1_17' title="bbox 131 1466 1313 1538; baseline -0.001 -16"><span class='ocrx_word' id='word_1_158' title='bbox 131 1469 167 1522; x_wconf 90' lang='lat' dir='ltr'>ad</span> <span class='ocrx_word' id='word_1_159' title='bbox 180 1469 279 1522; x_wconf 92' lang='lat' dir='ltr'>illum:</span> <span class='ocrx_word' id='word_1_160' title='bbox 298 1468 336 1520; x_wconf 91' lang='lat' dir='ltr'>Et</span> <span class='ocrx_word' id='word_1_161' title='bbox 349 1469 490 1537; x_wconf 89' lang='lat' dir='ltr'>quodnam</span> <span class='ocrx_word' id='word_1_162' title='bbox 500 1468 555 1522; x_wconf 90' lang='lat' dir='ltr'>tibi</span> <span class='ocrx_word' id='word_1_163' title='bbox 564 1469 672 1524; x_wconf 88' lang='lat' dir='ltr'>lucrum</span> <span class='ocrx_word' id='word_1_164' title='bbox 684 1487 719 1523; x_wconf 85' lang='lat' dir='ltr'>ex</span> <span class='ocrx_word' id='word_1_165' title='bbox 727 1469 781 1523; x_wconf 89' lang='lat' dir='ltr'>hac</span> <span class='ocrx_word' id='word_1_166' title='bbox 791 1467 1002 1523; x_wconf 85' lang='lat' dir='ltr'>machinatione</span> <span class='ocrx_word' id='word_1_167' title='bbox 1012 1466 1166 1522; x_wconf 80' lang='lat' dir='ltr'>adveniet?</span> <span class='ocrx_word' id='word_1_168' title='bbox 1185 1467 1313 1538; x_wconf 89' lang='lat' dir='ltr'>Respon-</span> 
     </span>
     <span class='ocr_line' id='line_1_18' title="bbox 132 1535 1314 1607; baseline -0.002 -17"><span class='ocrx_word' id='word_1_169' title='bbox 132 1537 173 1590; x_wconf 92' lang='lat' dir='ltr'>dit</span> <span class='ocrx_word' id='word_1_170' title='bbox 191 1537 306 1590; x_wconf 89' lang='lat' dir='ltr'>Simon:</span> <span class='ocrx_word' id='word_1_171' title='bbox 326 1536 420 1590; x_wconf 90' lang='lat' dir='ltr'>Primo</span> <span class='ocrx_word' id='word_1_172' title='bbox 438 1535 566 1606; x_wconf 91' lang='lat' dir='ltr'>quidem,</span> <span class='ocrx_word' id='word_1_173' title='bbox 585 1535 788 1607; x_wconf 89' lang='lat' dir='ltr'>comprehenso</span> <span class='ocrx_word' id='word_1_174' title='bbox 806 1537 871 1602; x_wconf 91' lang='lat' dir='ltr'>illo,</span> <span class='ocrx_word' id='word_1_175' title='bbox 891 1535 940 1606; x_wconf 89' lang='lat' dir='ltr'>qui</span> <span class='ocrx_word' id='word_1_176' title='bbox 957 1553 1001 1589; x_wconf 92' lang='lat' dir='ltr'>me</span> <span class='ocrx_word' id='word_1_177' title='bbox 1019 1541 1158 1604; x_wconf 88' lang='lat' dir='ltr'>quaerunt</span> <span class='ocrx_word' id='word_1_178' title='bbox 1171 1535 1314 1590; x_wconf 86' lang='lat' dir='ltr'>desistent</span> 
     </span>
     <span class='ocr_line' id='line_1_19' title="bbox 132 1601 1313 1676; baseline -0.003 -18"><span class='ocrx_word' id='word_1_179' title='bbox 132 1606 166 1658; x_wconf 92' lang='lat' dir='ltr'>ab</span> <span class='ocrx_word' id='word_1_180' title='bbox 184 1603 375 1676; x_wconf 84' lang='lat' dir='ltr'>indagatione</span> <span class='ocrx_word' id='word_1_181' title='bbox 398 1610 496 1658; x_wconf 87' lang='lat' dir='ltr'>contra</span> <span class='ocrx_word' id='word_1_182' title='bbox 514 1621 558 1658; x_wconf 90' lang='lat' dir='ltr'>me</span> <span class='ocrx_word' id='word_1_183' title='bbox 581 1610 722 1675; x_wconf 89' lang='lat' dir='ltr'>suscepta.</span> <span class='ocrx_word' id='word_1_184' title='bbox 758 1603 839 1669; x_wconf 79' lang='lat' dir='ltr'>Quod</span> <span class='ocrx_word' id='word_1_185' title='bbox 859 1602 884 1656; x_wconf 93' lang='lat' dir='ltr'>si</span> <span class='ocrx_word' id='word_1_186' title='bbox 902 1603 988 1658; x_wconf 90' lang='lat' dir='ltr'>etiam</span> <span class='ocrx_word' id='word_1_187' title='bbox 1006 1620 1091 1657; x_wconf 91' lang='lat' dir='ltr'>manu</span> <span class='ocrx_word' id='word_1_188' title='bbox 1108 1601 1189 1674; x_wconf 87' lang='lat' dir='ltr'>regia</span> <span class='ocrx_word' id='word_1_189' title='bbox 1201 1603 1313 1656; x_wconf 87' lang='lat' dir='ltr'>occisus</span> 
     </span>
     <span class='ocr_line' id='line_1_20' title="bbox 132 1669 1313 1740; baseline -0.002 -14"><span class='ocrx_word' id='word_1_190' title='bbox 132 1672 228 1740; x_wconf 83' lang='lat' dir='ltr'>fuerit,</span> <span class='ocrx_word' id='word_1_191' title='bbox 242 1671 397 1725; x_wconf 86' lang='lat' dir='ltr'>maximum</span> <span class='ocrx_word' id='word_1_192' title='bbox 413 1672 523 1726; x_wconf 89' lang='lat' dir='ltr'>luctum</span> <span class='ocrx_word' id='word_1_193' title='bbox 535 1671 681 1726; x_wconf 89' lang='lat' dir='ltr'>habebunt</span> <span class='ocrx_word' id='word_1_194' title='bbox 694 1672 755 1726; x_wconf 89' lang='lat' dir='ltr'>eius</span> <span class='ocrx_word' id='word_1_195' title='bbox 768 1671 866 1738; x_wconf 90' lang='lat' dir='ltr'>liberi,</span> <span class='ocrx_word' id='word_1_196' title='bbox 880 1671 928 1740; x_wconf 90' lang='lat' dir='ltr'>qui</span> <span class='ocrx_word' id='word_1_197' title='bbox 941 1689 985 1726; x_wconf 91' lang='lat' dir='ltr'>me</span> <span class='ocrx_word' id='word_1_198' title='bbox 999 1671 1136 1725; x_wconf 88' lang='lat' dir='ltr'>derelicto</span> <span class='ocrx_word' id='word_1_199' title='bbox 1149 1669 1186 1724; x_wconf 88' lang='lat' dir='ltr'>ad</span> <span class='ocrx_word' id='word_1_200' title='bbox 1197 1670 1313 1724; x_wconf 90' lang='lat' dir='ltr'>Petrum</span> 
     </span>
    </p>
   </div>
   <div class='ocr_carea' id='block_1_3' title="bbox 25 1737 1313 1810">
    <p class='ocr_par' dir='ltr' id='par_1_5' title="bbox 25 1737 1313 1810">
     <span class='ocr_line' id='line_1_21' title="bbox 25 1737 1313 1810; baseline -0.003 -16"><span class='ocrx_word' id='word_1_201' title='bbox 25 1770 30 1782; x_wconf 93' lang='lat'>·</span> <span class='ocrx_word' id='word_1_202' title='bbox 134 1758 163 1794; x_wconf 86' lang='lat' dir='ltr'>se</span> <span class='ocrx_word' id='word_1_203' title='bbox 176 1740 370 1794; x_wconf 85' lang='lat' dir='ltr'>contulerunt.</span> <span class='ocrx_word' id='word_1_204' title='bbox 388 1737 504 1810; x_wconf 88' lang='lat' dir='ltr'>Appion</span> <span class='ocrx_word' id='word_1_205' title='bbox 516 1757 582 1794; x_wconf 90' lang='lat' dir='ltr'>vero</span> <span class='ocrx_word' id='word_1_206' title='bbox 595 1747 624 1794; x_wconf 91' lang='lat' dir='ltr'>et</span> <span class='ocrx_word' id='word_1_207' title='bbox 633 1739 789 1794; x_wconf 84' lang='lat' dir='ltr'>Annubion</span> <span class='ocrx_word' id='word_1_208' title='bbox 801 1739 934 1810; x_wconf 90' lang='lat' dir='ltr'>privatim</span> <span class='ocrx_word' id='word_1_209' title='bbox 944 1739 1038 1793; x_wconf 90' lang='lat' dir='ltr'>omnia</span> <span class='ocrx_word' id='word_1_210' title='bbox 1050 1739 1159 1793; x_wconf 84' lang='lat' dir='ltr'>Fausto</span> <span class='ocrx_word' id='word_1_211' title='bbox 1172 1739 1313 1808; x_wconf 90' lang='lat' dir='ltr'>aperiunt,</span> 
     </span>
    </p>
   </div>
   <div class='ocr_carea' id='block_1_4' title="bbox 133 1807 1314 3032">
    <p class='ocr_par' dir='ltr' id='par_1_6' title="bbox 133 1807 1314 3032">
     <span class='ocr_line' id='line_1_22' title="bbox 133 1807 1313 1876; baseline -0.002 -16"><span class='ocrx_word' id='word_1_212' title='bbox 133 1808 312 1876; x_wconf 88' lang='lat' dir='ltr'>insidiasque</span> <span class='ocrx_word' id='word_1_213' title='bbox 329 1813 556 1862; x_wconf 86' lang='lat' dir='ltr'>commemorant.</span> <span class='ocrx_word' id='word_1_214' title='bbox 591 1809 630 1862; x_wconf 87' lang='lat' dir='ltr'>Et</span> <span class='ocrx_word' id='word_1_215' title='bbox 642 1808 766 1862; x_wconf 87' lang='lat' dir='ltr'>Faustus</span> <span class='ocrx_word' id='word_1_216' title='bbox 779 1825 846 1862; x_wconf 88' lang='lat' dir='ltr'>vera</span> <span class='ocrx_word' id='word_1_217' title='bbox 860 1825 917 1860; x_wconf 91' lang='lat' dir='ltr'>non</span> <span class='ocrx_word' id='word_1_218' title='bbox 929 1824 992 1862; x_wconf 88' lang='lat' dir='ltr'>esse</span> <span class='ocrx_word' id='word_1_219' title='bbox 1004 1824 1039 1861; x_wconf 90' lang='lat' dir='ltr'>ea</span> <span class='ocrx_word' id='word_1_220' title='bbox 1052 1807 1138 1862; x_wconf 90' lang='lat' dir='ltr'>verba</span> <span class='ocrx_word' id='word_1_221' title='bbox 1150 1807 1313 1871; x_wconf 86' lang='lat' dir='ltr'>arbitratus,</span> 
     </span>
     <span class='ocr_line' id='line_1_23' title="bbox 133 1873 1313 1946; baseline -0.003 -17"><span class='ocrx_word' id='word_1_222' title='bbox 133 1882 272 1930; x_wconf 87' lang='lat' dir='ltr'>coenatus</span> <span class='ocrx_word' id='word_1_223' title='bbox 286 1892 350 1928; x_wconf 88' lang='lat' dir='ltr'>cum</span> <span class='ocrx_word' id='word_1_224' title='bbox 361 1875 475 1930; x_wconf 90' lang='lat' dir='ltr'>Simone</span> <span class='ocrx_word' id='word_1_225' title='bbox 488 1880 517 1928; x_wconf 92' lang='grc'>01</span> <span class='ocrx_word' id='word_1_226' title='bbox 531 1893 594 1928; x_wconf 92' lang='lat' dir='ltr'>cum</span> <span class='ocrx_word' id='word_1_227' title='bbox 607 1875 754 1930; x_wconf 83' lang='lat' dir='ltr'>sodalibus</span> <span class='ocrx_word' id='word_1_228' title='bbox 767 1873 898 1946; x_wconf 85' lang='lat' dir='ltr'>Appione</span> <span class='ocrx_word' id='word_1_229' title='bbox 912 1881 941 1929; x_wconf 88' lang='lat' dir='ltr'>et</span> <span class='ocrx_word' id='word_1_230' title='bbox 950 1874 1122 1928; x_wconf 86' lang='lat' dir='ltr'>Annubione</span> <span class='ocrx_word' id='word_1_231' title='bbox 1135 1881 1313 1946; x_wconf 87' lang='lat' dir='ltr'>unguentum</span> 
     </span>
     <span class='ocr_line' id='line_1_24' title="bbox 134 1941 1313 2015; baseline -0.001 -19"><span class='ocrx_word' id='word_1_232' title='bbox 134 1943 218 1996; x_wconf 91' lang='lat' dir='ltr'>sumit</span> <span class='ocrx_word' id='word_1_233' title='bbox 233 1961 268 1997; x_wconf 82' lang='lat' dir='ltr'>ex</span> <span class='ocrx_word' id='word_1_234' title='bbox 281 1941 405 1996; x_wconf 89' lang='lat' dir='ltr'>Simonis</span> <span class='ocrx_word' id='word_1_235' title='bbox 423 1960 521 2008; x_wconf 90' lang='lat' dir='ltr'>mauu,</span> <span class='ocrx_word' id='word_1_236' title='bbox 544 1961 577 1998; x_wconf 88' lang='lat' dir='ltr'>ac</span> <span class='ocrx_word' id='word_1_237' title='bbox 594 1961 705 2015; x_wconf 85' lang='lat' dir='ltr'>ungens</span> <span class='ocrx_word' id='word_1_238' title='bbox 718 1942 821 1997; x_wconf 88' lang='lat' dir='ltr'>faeiem</span> <span class='ocrx_word' id='word_1_239' title='bbox 840 1960 918 1996; x_wconf 90' lang='lat' dir='ltr'>suam</span> <span class='ocrx_word' id='word_1_240' title='bbox 936 1943 1014 1997; x_wconf 88' lang='lat' dir='ltr'>illico</span> <span class='ocrx_word' id='word_1_241' title='bbox 1032 1942 1126 1996; x_wconf 88' lang='lat' dir='ltr'>induit</span> <span class='ocrx_word' id='word_1_242' title='bbox 1138 1941 1256 1996; x_wconf 89' lang='lat' dir='ltr'>formam</span> <span class='ocrx_word' id='word_1_243' title='bbox 1272 1941 1313 1996; x_wconf 90' lang='lat' dir='ltr'>Si-</span> 
     </span>
     <span class='ocr_line' id='line_1_25' title="bbox 133 2009 1267 2082; baseline -0.003 -17"><span class='ocrx_word' id='word_1_244' title='bbox 133 2011 235 2065; x_wconf 88' lang='lat' dir='ltr'>monis.</span> <span class='ocrx_word' id='word_1_245' title='bbox 271 2009 313 2063; x_wconf 90' lang='lat' dir='ltr'>At</span> <span class='ocrx_word' id='word_1_246' title='bbox 330 2011 426 2064; x_wconf 89' lang='lat' dir='ltr'>media</span> <span class='ocrx_word' id='word_1_247' title='bbox 438 2015 523 2064; x_wconf 90' lang='lat' dir='ltr'>nocte</span> <span class='ocrx_word' id='word_1_248' title='bbox 537 2028 694 2082; x_wconf 83' lang='lat' dir='ltr'>exsurgens</span> <span class='ocrx_word' id='word_1_249' title='bbox 708 2009 806 2064; x_wconf 89' lang='lat' dir='ltr'>Simon</span> <span class='ocrx_word' id='word_1_250' title='bbox 819 2011 849 2064; x_wconf 91' lang='lat' dir='ltr'>in</span> <span class='ocrx_word' id='word_1_251' title='bbox 860 2011 995 2065; x_wconf 88' lang='lat' dir='ltr'>Iudaeam</span> <span class='ocrx_word' id='word_1_252' title='bbox 1009 2010 1078 2082; x_wconf 85' lang='lat' dir='ltr'>fuga</span> <span class='ocrx_word' id='word_1_253' title='bbox 1092 2027 1121 2064; x_wconf 90' lang='lat' dir='ltr'>se</span> <span class='ocrx_word' id='word_1_254' title='bbox 1134 2009 1267 2080; x_wconf 91' lang='lat' dir='ltr'>abripuit.</span> 
     </span>
     <span class='ocr_line' id='line_1_26' title="bbox 200 2077 1313 2149; baseline 0.001 -18"><span class='ocrx_word' id='word_1_255' title='bbox 200 2077 365 2133; x_wconf 86' lang='lat' dir='ltr'>CXXXVI.</span> <span class='ocrx_word' id='word_1_256' title='bbox 396 2078 482 2132; x_wconf 91' lang='lat' dir='ltr'>Porro</span> <span class='ocrx_word' id='word_1_257' title='bbox 496 2096 547 2132; x_wconf 87' lang='lat' dir='ltr'>nos</span> <span class='ocrx_word' id='word_1_258' title='bbox 561 2080 609 2148; x_wconf 90' lang='lat' dir='ltr'>qui</span> <span class='ocrx_word' id='word_1_259' title='bbox 623 2097 687 2133; x_wconf 86' lang='lat' dir='ltr'>cum</span> <span class='ocrx_word' id='word_1_260' title='bbox 700 2079 786 2132; x_wconf 91' lang='lat' dir='ltr'>Petro</span> <span class='ocrx_word' id='word_1_261' title='bbox 799 2095 909 2133; x_wconf 86' lang='lat' dir='ltr'>eramus</span> <span class='ocrx_word' id='word_1_262' title='bbox 925 2096 976 2149; x_wconf 89' lang='lat' dir='ltr'>per</span> <span class='ocrx_word' id='word_1_263' title='bbox 987 2084 1078 2132; x_wconf 90' lang='lat' dir='ltr'>totam</span> <span class='ocrx_word' id='word_1_264' title='bbox 1089 2083 1203 2133; x_wconf 91' lang='lat' dir='ltr'>noctem</span> <span class='ocrx_word' id='word_1_265' title='bbox 1216 2085 1313 2132; x_wconf 88' lang='lat' dir='ltr'>mutuo</span> 
     </span>
     <span class='ocr_line' id='line_1_27' title="bbox 138 2146 1314 2218; baseline 0.001 -19"><span class='ocrx_word' id='word_1_266' title='bbox 138 2146 338 2216; x_wconf 87' lang='lat' dir='ltr'>colloquentes</span> <span class='ocrx_word' id='word_1_267' title='bbox 355 2163 422 2216; x_wconf 89' lang='lat' dir='ltr'>prae</span> <span class='ocrx_word' id='word_1_268' title='bbox 438 2147 584 2216; x_wconf 90' lang='lat' dir='ltr'>voluptate</span> <span class='ocrx_word' id='word_1_269' title='bbox 597 2165 630 2201; x_wconf 88' lang='lat' dir='ltr'>ao</span> <span class='ocrx_word' id='word_1_270' title='bbox 644 2147 758 2202; x_wconf 88' lang='lat' dir='ltr'>laetitia</span> <span class='ocrx_word' id='word_1_271' title='bbox 770 2164 805 2200; x_wconf 85' lang='lat' dir='ltr'>ex</span> <span class='ocrx_word' id='word_1_272' title='bbox 816 2147 853 2200; x_wconf 89' lang='lat' dir='ltr'>iis</span> <span class='ocrx_word' id='word_1_273' title='bbox 866 2163 937 2216; x_wconf 88' lang='lat' dir='ltr'>quac</span> <span class='ocrx_word' id='word_1_274' title='bbox 955 2147 1124 2201; x_wconf 86' lang='lat' dir='ltr'>dicebantur</span> <span class='ocrx_word' id='word_1_275' title='bbox 1135 2151 1197 2201; x_wconf 89' lang='lat' dir='ltr'>orta</span> <span class='ocrx_word' id='word_1_276' title='bbox 1209 2147 1314 2218; x_wconf 86' lang='lat' dir='ltr'>vigiles</span> 
     </span>
     <span class='ocr_line' id='line_1_28' title="bbox 133 2213 1313 2285; baseline 0 -17"><span class='ocrx_word' id='word_1_277' title='bbox 133 2215 373 2284; x_wconf 89' lang='lat' dir='ltr'>pernoctavimus.</span> <span class='ocrx_word' id='word_1_278' title='bbox 409 2213 470 2267; x_wconf 91' lang='lat' dir='ltr'>lam</span> <span class='ocrx_word' id='word_1_279' title='bbox 486 2231 552 2269; x_wconf 89' lang='lat' dir='ltr'>vero</span> <span class='ocrx_word' id='word_1_280' title='bbox 570 2215 619 2268; x_wconf 91' lang='lat' dir='ltr'>ubi</span> <span class='ocrx_word' id='word_1_281' title='bbox 638 2216 787 2270; x_wconf 88' lang='lat' dir='ltr'>sublucere</span> <span class='ocrx_word' id='word_1_282' title='bbox 806 2217 914 2285; x_wconf 91' lang='lat' dir='ltr'>coepit,</span> <span class='ocrx_word' id='word_1_283' title='bbox 935 2214 1037 2269; x_wconf 89' lang='lat' dir='ltr'>Petrus</span> <span class='ocrx_word' id='word_1_284' title='bbox 1055 2231 1099 2268; x_wconf 89' lang='lat' dir='ltr'>me</span> <span class='ocrx_word' id='word_1_285' title='bbox 1117 2220 1146 2269; x_wconf 89' lang='lat' dir='ltr'>et</span> <span class='ocrx_word' id='word_1_286' title='bbox 1158 2213 1260 2268; x_wconf 86' lang='lat' dir='ltr'>fratres</span> <span class='ocrx_word' id='word_1_287' title='bbox 1272 2215 1313 2268; x_wconf 92' lang='lat' dir='ltr'>in-</span> 
     </span>
     <span class='ocr_line' id='line_1_29' title="bbox 133 2281 1312 2402; baseline 0.001 -68"><span class='ocrx_word' id='word_1_288' title='bbox 133 2288 216 2335; x_wconf 86' lang='lat' dir='ltr'>tuens</span> <span class='ocrx_word' id='word_1_289' title='bbox 231 2281 287 2336; x_wconf 90' lang='lat' dir='ltr'>ait:</span> <span class='ocrx_word' id='word_1_290' title='bbox 307 2281 422 2348; x_wconf 87' lang='lat' dir='ltr'>Nescio,</span> <span class='ocrx_word' id='word_1_291' title='bbox 434 2281 572 2402; x_wconf 70' lang='lat' dir='ltr'>quidnam</span> <span class='ocrx_word' id='word_1_292' title='bbox 583 2285 658 2353; x_wconf 89' lang='lat' dir='ltr'>patri</span> <span class='ocrx_word' id='word_1_293' title='bbox 670 2290 765 2338; x_wconf 88' lang='lat' dir='ltr'>vestro</span> <span class='ocrx_word' id='word_1_294' title='bbox 778 2284 939 2355; x_wconf 86' lang='lat' dir='ltr'>contigerit.</span> <span class='ocrx_word' id='word_1_295' title='bbox 965 2282 1097 2352; x_wconf 89' lang='lat' dir='ltr'>Dumque</span> <span class='ocrx_word' id='word_1_296' title='bbox 1110 2282 1181 2336; x_wconf 90' lang='lat' dir='ltr'>haec</span> <span class='ocrx_word' id='word_1_297' title='bbox 1195 2283 1312 2348; x_wconf 87' lang='lat' dir='ltr'>diceret,</span> 
     </span>
     <span class='ocr_line' id='line_1_30' title="bbox 133 2349 1313 2421; baseline -0.001 -18"><span class='ocrx_word' id='word_1_298' title='bbox 133 2365 199 2404; x_wconf 88' lang='grc'><strong>0000</strong></span> <span class='ocrx_word' id='word_1_299' title='bbox 211 2355 298 2420; x_wconf 86' lang='lat' dir='ltr'>pater</span> <span class='ocrx_word' id='word_1_300' title='bbox 309 2349 426 2403; x_wconf 88' lang='lat' dir='ltr'>advenit</span> <span class='ocrx_word' id='word_1_301' title='bbox 460 2355 549 2403; x_wconf 86' lang='lat' dir='ltr'>etrum</span> <span class='ocrx_word' id='word_1_302' title='bbox 558 2351 641 2405; x_wconf 88' lang='lat' dir='ltr'>nobis</span> <span class='ocrx_word' id='word_1_303' title='bbox 655 2351 689 2406; x_wconf 91' lang='lat' dir='ltr'>de</span> <span class='ocrx_word' id='word_1_304' title='bbox 701 2352 764 2420; x_wconf 92' lang='lat' dir='ltr'>ipso</span> <span class='ocrx_word' id='word_1_305' title='bbox 777 2353 833 2405; x_wconf 89' lang='lat' dir='ltr'>iam</span> <span class='ocrx_word' id='word_1_306' title='bbox 842 2352 1006 2421; x_wconf 88' lang='lat' dir='ltr'>loquentem</span> <span class='ocrx_word' id='word_1_307' title='bbox 1017 2357 1133 2418; x_wconf 71' lang='lat' dir='ltr'>nactus,</span> <span class='ocrx_word' id='word_1_308' title='bbox 1146 2367 1229 2420; x_wconf 90' lang='lat' dir='ltr'>quem</span> <span class='ocrx_word' id='word_1_309' title='bbox 1239 2367 1313 2411; x_wconf 72' lang='lat' dir='ltr'>cum,</span> 
     </span>
     <span class='ocr_line' id='line_1_31' title="bbox 133 2417 1300 2487; baseline -0.001 -17"><span class='ocrx_word' id='word_1_310' title='bbox 133 2418 245 2472; x_wconf 82' lang='lat' dir='ltr'>videret</span> <span class='ocrx_word' id='word_1_311' title='bbox 263 2417 378 2470; x_wconf 85' lang='lat' dir='ltr'>anxium</span> <span class='ocrx_word' id='word_1_312' title='bbox 396 2423 482 2486; x_wconf 86' lang='lat' dir='ltr'>atque</span> <span class='ocrx_word' id='word_1_313' title='bbox 500 2420 660 2473; x_wconf 80' lang='lat' dir='ltr'>salutasset·</span> <span class='ocrx_word' id='word_1_314' title='bbox 670 2421 810 2473; x_wconf 88' lang='lat' dir='ltr'>rationem</span> <span class='ocrx_word' id='word_1_315' title='bbox 828 2424 857 2472; x_wconf 89' lang='lat' dir='ltr'>et</span> <span class='ocrx_word' id='word_1_316' title='bbox 875 2435 990 2472; x_wconf 87' lang='lat' dir='ltr'>causam</span> <span class='ocrx_word' id='word_1_317' title='bbox 1010 2417 1150 2484; x_wconf 91' lang='lat' dir='ltr'>reddidit,</span> <span class='ocrx_word' id='word_1_318' title='bbox 1176 2435 1226 2471; x_wconf 89' lang='lat' dir='ltr'>cur</span> <span class='ocrx_word' id='word_1_319' title='bbox 1248 2433 1300 2487; x_wconf 88' lang='lat' dir='ltr'>per</span> 
     </span>
     <span class='ocr_line' id='line_1_32' title="bbox 134 2485 1312 2556; baseline -0.002 -17"><span class='ocrx_word' id='word_1_320' title='bbox 134 2491 283 2540; x_wconf 88' lang='lat' dir='ltr'>noctassct</span> <span class='ocrx_word' id='word_1_321' title='bbox 301 2485 385 2538; x_wconf 90' lang='lat' dir='ltr'>foras.</span> <span class='ocrx_word' id='word_1_322' title='bbox 421 2485 480 2539; x_wconf 89' lang='lat' dir='ltr'>Nos</span> <span class='ocrx_word' id='word_1_323' title='bbox 498 2492 593 2540; x_wconf 87' lang='lat' dir='ltr'>autern</span> <span class='ocrx_word' id='word_1_324' title='bbox 608 2487 782 2556; x_wconf 88' lang='lat' dir='ltr'>recipientes</span> <span class='ocrx_word' id='word_1_325' title='bbox 805 2503 867 2538; x_wconf 92' lang='lat' dir='ltr'>eum</span> <span class='ocrx_word' id='word_1_326' title='bbox 888 2485 1100 2555; x_wconf 91' lang='lat' dir='ltr'>obstupuimus,</span> <span class='ocrx_word' id='word_1_327' title='bbox 1122 2485 1170 2554; x_wconf 94' lang='lat' dir='ltr'>qui</span> <span class='ocrx_word' id='word_1_328' title='bbox 1188 2485 1312 2538; x_wconf 77' lang='lat' dir='ltr'>Simoni⁸</span> 
     </span>
     <span class='ocr_line' id='line_1_33' title="bbox 135 2550 1313 2624; baseline 0.001 -20"><span class='ocrx_word' id='word_1_329' title='bbox 135 2554 261 2623; x_wconf 88' lang='lat' dir='ltr'>speeiem</span> <span class='ocrx_word' id='word_1_330' title='bbox 279 2552 453 2618; x_wconf 88' lang='lat' dir='ltr'>videremus,</span> <span class='ocrx_word' id='word_1_331' title='bbox 472 2559 502 2608; x_wconf 90' lang='lat' dir='ltr'>at</span> <span class='ocrx_word' id='word_1_332' title='bbox 519 2571 617 2608; x_wconf 89' lang='lat' dir='ltr'>vocem</span> <span class='ocrx_word' id='word_1_333' title='bbox 634 2554 724 2624; x_wconf 86' lang='lat' dir='ltr'>patris</span> <span class='ocrx_word' id='word_1_334' title='bbox 747 2553 836 2606; x_wconf 90' lang='lat' dir='ltr'>nostri</span> <span class='ocrx_word' id='word_1_335' title='bbox 858 2553 960 2606; x_wconf 84' lang='lat' dir='ltr'>Fausti</span> <span class='ocrx_word' id='word_1_336' title='bbox 980 2552 1148 2606; x_wconf 88' lang='lat' dir='ltr'>audiremus.</span> <span class='ocrx_word' id='word_1_337' title='bbox 1185 2550 1313 2622; x_wconf 80' lang='lat' dir='ltr'>Cumun</span> 
     </span>
     <span class='ocr_line' id='line_1_34' title="bbox 134 2619 1312 2692; baseline -0.001 -18"><span class='ocrx_word' id='word_1_338' title='bbox 134 2621 299 2692; x_wconf 82' lang='lat' dir='ltr'>fugeremus</span> <span class='ocrx_word' id='word_1_339' title='bbox 313 2637 385 2688; x_wconf 88' lang='lat' dir='ltr'>eum,</span> <span class='ocrx_word' id='word_1_340' title='bbox 399 2626 481 2690; x_wconf 90' lang='lat' dir='ltr'>pater</span> <span class='ocrx_word' id='word_1_341' title='bbox 493 2623 586 2676; x_wconf 89' lang='lat' dir='ltr'>animo</span> <span class='ocrx_word' id='word_1_342' title='bbox 599 2622 747 2692; x_wconf 88' lang='lat' dir='ltr'>perculsus</span> <span class='ocrx_word' id='word_1_343' title='bbox 761 2626 813 2674; x_wconf 90' lang='lat' dir='ltr'>est.</span> <span class='ocrx_word' id='word_1_344' title='bbox 850 2619 981 2674; x_wconf 84' lang='lat' dir='ltr'>Ceterum</span> <span class='ocrx_word' id='word_1_345' title='bbox 992 2620 1105 2687; x_wconf 91' lang='lat' dir='ltr'>Petrus,</span> <span class='ocrx_word' id='word_1_346' title='bbox 1118 2619 1167 2690; x_wconf 91' lang='lat' dir='ltr'>qui</span> <span class='ocrx_word' id='word_1_347' title='bbox 1179 2637 1251 2673; x_wconf 90' lang='lat' dir='ltr'>unus</span> <span class='ocrx_word' id='word_1_348' title='bbox 1264 2636 1312 2673; x_wconf 91' lang='lat' dir='ltr'>na·</span> 
     </span>
     <span class='ocr_line' id='line_1_35' title="bbox 133 2687 1312 2758; baseline 0 -18"><span class='ocrx_word' id='word_1_349' title='bbox 133 2691 257 2743; x_wconf 86' lang='lat' dir='ltr'>turalem</span> <span class='ocrx_word' id='word_1_350' title='bbox 270 2688 332 2742; x_wconf 92' lang='lat' dir='ltr'>eius</span> <span class='ocrx_word' id='word_1_351' title='bbox 345 2688 467 2742; x_wconf 87' lang='lat' dir='ltr'>formam</span> <span class='ocrx_word' id='word_1_352' title='bbox 480 2689 627 2756; x_wconf 87' lang='lat' dir='ltr'>cernebat,</span> <span class='ocrx_word' id='word_1_353' title='bbox 648 2690 689 2744; x_wconf 92' lang='lat' dir='ltr'>ait</span> <span class='ocrx_word' id='word_1_354' title='bbox 707 2689 744 2744; x_wconf 88' lang='lat' dir='ltr'>ad</span> <span class='ocrx_word' id='word_1_355' title='bbox 760 2705 826 2742; x_wconf 88' lang='lat' dir='ltr'>nos:</span> <span class='ocrx_word' id='word_1_356' title='bbox 846 2688 937 2752; x_wconf 81' lang='lat' dir='ltr'>Quare</span> <span class='ocrx_word' id='word_1_357' title='bbox 956 2693 1066 2758; x_wconf 89' lang='lat' dir='ltr'>patrem</span> <span class='ocrx_word' id='word_1_358' title='bbox 1082 2695 1207 2742; x_wconf 89' lang='lat' dir='ltr'>vestrum</span> <span class='ocrx_word' id='word_1_359' title='bbox 1222 2687 1312 2757; x_wconf 87' lang='lat' dir='ltr'>repcl·</span> 
     </span>
     <span class='ocr_line' id='line_1_36' title="bbox 136 2755 1312 2820; baseline -0.001 -11"><span class='ocrx_word' id='word_1_360' title='bbox 136 2757 196 2810; x_wconf 91' lang='lat' dir='ltr'>litis</span> <span class='ocrx_word' id='word_1_361' title='bbox 218 2762 249 2811; x_wconf 91' lang='lat' dir='ltr'>et</span> <span class='ocrx_word' id='word_1_362' title='bbox 268 2755 459 2810; x_wconf 80' lang='lat' dir='ltr'>aversamini?</span> <span class='ocrx_word' id='word_1_363' title='bbox 477 2756 537 2811; x_wconf 88' lang='lat' dir='ltr'>Nos</span> <span class='ocrx_word' id='word_1_364' title='bbox 554 2774 620 2810; x_wconf 88' lang='lat' dir='ltr'>vero</span> <span class='ocrx_word' id='word_1_365' title='bbox 638 2763 667 2811; x_wconf 88' lang='lat' dir='ltr'>et</span> <span class='ocrx_word' id='word_1_366' title='bbox 683 2763 774 2812; x_wconf 91' lang='lat' dir='ltr'>mater</span> <span class='ocrx_word' id='word_1_367' title='bbox 788 2756 915 2810; x_wconf 90' lang='lat' dir='ltr'>adeum:</span> <span class='ocrx_word' id='word_1_368' title='bbox 939 2755 1078 2820; x_wconf 84' lang='lat' dir='ltr'>Quoniam</span> <span class='ocrx_word' id='word_1_369' title='bbox 1101 2755 1151 2810; x_wconf 89' lang='lat' dir='ltr'>ille</span> <span class='ocrx_word' id='word_1_370' title='bbox 1172 2755 1255 2810; x_wconf 90' lang='lat' dir='ltr'>nobis</span> <span class='ocrx_word' id='word_1_371' title='bbox 1272 2755 1312 2808; x_wconf 92' lang='lat' dir='ltr'>vi·</span> 
     </span>
     <span class='ocr_line' id='line_1_37' title="bbox 136 2823 1312 2896; baseline -0.001 -19"><span class='ocrx_word' id='word_1_372' title='bbox 136 2825 220 2878; x_wconf 92' lang='lat' dir='ltr'>detur</span> <span class='ocrx_word' id='word_1_373' title='bbox 241 2841 306 2878; x_wconf 90' lang='lat' dir='ltr'>esse</span> <span class='ocrx_word' id='word_1_374' title='bbox 328 2823 425 2878; x_wconf 90' lang='lat' dir='ltr'>Simon</span> <span class='ocrx_word' id='word_1_375' title='bbox 442 2841 541 2878; x_wconf 90' lang='lat' dir='ltr'>vocem</span> <span class='ocrx_word' id='word_1_376' title='bbox 554 2824 662 2879; x_wconf 88' lang='lat' dir='ltr'>habens</span> <span class='ocrx_word' id='word_1_377' title='bbox 681 2825 770 2896; x_wconf 89' lang='lat' dir='ltr'>patris</span> <span class='ocrx_word' id='word_1_378' title='bbox 787 2824 885 2878; x_wconf 90' lang='lat' dir='ltr'>nostri.</span> <span class='ocrx_word' id='word_1_379' title='bbox 910 2823 984 2877; x_wconf 86' lang='lat' dir='ltr'>Tum</span> <span class='ocrx_word' id='word_1_380' title='bbox 1000 2823 1101 2878; x_wconf 88' lang='lat' dir='ltr'>Petrus</span> <span class='ocrx_word' id='word_1_381' title='bbox 1118 2823 1312 2894; x_wconf 83' lang='lat' dir='ltr'>Nequaquam,</span> 
     </span>
     <span class='ocr_line' id='line_1_38' title="bbox 138 2891 1312 3013; baseline 0.002 -69"><span class='ocrx_word' id='word_1_382' title='bbox 138 2892 247 2962; x_wconf 78' lang='lat' dir='ltr'>inquit3</span> <span class='ocrx_word' id='word_1_383' title='bbox 266 2891 348 2945; x_wconf 89' lang='lat' dir='ltr'>vobis</span> <span class='ocrx_word' id='word_1_384' title='bbox 362 2891 476 2962; x_wconf 89' lang='lat' dir='ltr'>quidem</span> <span class='ocrx_word' id='word_1_385' title='bbox 489 2910 543 2946; x_wconf 87' lang='lat' dir='ltr'>vox</span> <span class='ocrx_word' id='word_1_386' title='bbox 555 2893 643 2960; x_wconf 90' lang='lat' dir='ltr'>illius,</span> <span class='ocrx_word' id='word_1_387' title='bbox 656 2911 728 2962; x_wconf 90' lang='lat' dir='ltr'>quae</span> <span class='ocrx_word' id='word_1_388' title='bbox 738 2893 850 3013; x_wconf 64' lang='lat' dir='ltr'>magiae</span> <span class='ocrx_word' id='word_1_389' title='bbox 859 2893 917 2946; x_wconf 91' lang='lat' dir='ltr'>vim</span> <span class='ocrx_word' id='word_1_390' title='bbox 927 2909 984 2947; x_wconf 92' lang='lat' dir='ltr'>non</span> <span class='ocrx_word' id='word_1_391' title='bbox 993 2892 1092 2960; x_wconf 88' lang='lat' dir='ltr'>sensit,</span> <span class='ocrx_word' id='word_1_392' title='bbox 1106 2897 1174 2948; x_wconf 90' lang='lat' dir='ltr'>nota</span> <span class='ocrx_word' id='word_1_393' title='bbox 1183 2898 1228 2946; x_wconf 88' lang='lat' dir='ltr'>est</span> <span class='ocrx_word' id='word_1_394' title='bbox 1238 2892 1312 2954; x_wconf 76' lang='lat' dir='ltr'>sola3</span> 
     </span>
     <span class='ocr_line' id='line_1_39' title="bbox 137 2959 1312 3032; baseline 0.001 -19"><span class='ocrx_word' id='word_1_395' title='bbox 137 2961 208 3014; x_wconf 90' lang='lat' dir='ltr'>meis</span> <span class='ocrx_word' id='word_1_396' title='bbox 223 2963 319 3014; x_wconf 89' lang='lat' dir='ltr'>autem</span> <span class='ocrx_word' id='word_1_397' title='bbox 332 2977 389 3012; x_wconf 91' lang='lat' dir='ltr'>non</span> <span class='ocrx_word' id='word_1_398' title='bbox 401 2959 551 3014; x_wconf 88' lang='lat' dir='ltr'>fascinatis</span> <span class='ocrx_word' id='word_1_399' title='bbox 564 2961 655 3014; x_wconf 90' lang='lat' dir='ltr'>oculis</span> <span class='ocrx_word' id='word_1_400' title='bbox 668 2961 754 3016; x_wconf 89' lang='lat' dir='ltr'>etiam</span> <span class='ocrx_word' id='word_1_401' title='bbox 767 2978 782 3014; x_wconf 92' lang='grc'><strong>0</strong></span> <span class='ocrx_word' id='word_1_402' title='bbox 794 2960 880 3032; x_wconf 87' lang='lat' dir='ltr'>&#39;figies</span> <span class='ocrx_word' id='word_1_403' title='bbox 897 2961 1009 3031; x_wconf 90' lang='lat' dir='ltr'>qualem</span> <span class='ocrx_word' id='word_1_404' title='bbox 1025 2960 1112 3017; x_wconf 89' lang='lat' dir='ltr'>habet</span> <span class='ocrx_word' id='word_1_405' title='bbox 1129 2959 1312 3032; x_wconf 67' lang='lat' dir='ltr'>conspicitur,</span> 
     </span>
    </p>
   </div>
   <div class='ocr_carea' id='block_1_5' title="bbox 134 3163 1313 3416">
    <p class='ocr_par' dir='ltr' id='par_1_7' title="bbox 134 3163 1313 3416">
     <span class='ocr_line' id='line_1_40' title="bbox 135 3163 1311 3236; baseline -0.001 -18"><span class='ocrx_word' id='word_1_406' title='bbox 135 3167 160 3232; x_wconf 87' lang='lat'>3)</span> <span class='ocrx_word' id='word_1_407' title='bbox 174 3164 227 3220; x_wconf 81' lang='grc' dir='ltr'>τὸν</span> <span class='ocrx_word' id='word_1_408' title='bbox 240 3167 346 3216; x_wconf 84' lang='lat' dir='ltr'>accessit</span> <span class='ocrx_word' id='word_1_409' title='bbox 361 3183 391 3216; x_wconf 80' lang='lat' dir='ltr'>ex</span> <span class='ocrx_word' id='word_1_410' title='bbox 411 3167 477 3218; x_wconf 85' lang='lat' dir='ltr'>BGD</span> <span class='ocrx_word' id='word_1_411' title='bbox 496 3171 520 3216; x_wconf 88' lang='grc'>01</span> <span class='ocrx_word' id='word_1_412' title='bbox 537 3173 624 3220; x_wconf 88' lang='lat' dir='ltr'>nostra</span> <span class='ocrx_word' id='word_1_413' title='bbox 637 3170 707 3234; x_wconf 83' lang='lat' dir='ltr'>Epit.</span> <span class='ocrx_word' id='word_1_414' title='bbox 749 3169 825 3219; x_wconf 91' lang='lat' dir='ltr'>Hom.</span> <span class='ocrx_word' id='word_1_415' title='bbox 846 3169 906 3231; x_wconf 91' lang='lat' dir='ltr'>XX,</span> <span class='ocrx_word' id='word_1_416' title='bbox 924 3163 970 3232; x_wconf 84' lang='grc'>17,</span> <span class='ocrx_word' id='word_1_417' title='bbox 987 3176 1073 3220; x_wconf 85' lang='lat' dir='ltr'>nostra</span> <span class='ocrx_word' id='word_1_418' title='bbox 1090 3170 1160 3235; x_wconf 88' lang='lat' dir='ltr'>Epit.</span> <span class='ocrx_word' id='word_1_419' title='bbox 1178 3171 1251 3220; x_wconf 86' lang='grc'><strong>0101.</strong></span> <span class='ocrx_word' id='word_1_420' title='bbox 1272 3185 1311 3236; x_wconf 86' lang='lat' dir='ltr'>ap.</span> 
     </span>
     <span class='ocr_line' id='line_1_41' title="bbox 134 3230 1313 3304; baseline 0.004 -21"><span class='ocrx_word' id='word_1_421' title='bbox 134 3264 166 3270; x_wconf 96' lang='lat'><em>—</em></span> <span class='ocrx_word' id='word_1_422' title='bbox 189 3231 217 3299; x_wconf 78' lang='grc'>4)</span> <span class='ocrx_word' id='word_1_423' title='bbox 236 3230 340 3304; x_wconf 75' lang='grc' dir='ltr'><em>μαθὼν</em></span> <span class='ocrx_word' id='word_1_424' title='bbox 367 3235 443 3285; x_wconf 90' lang='lat' dir='ltr'>Hom.</span> <span class='ocrx_word' id='word_1_425' title='bbox 473 3235 537 3295; x_wconf 91' lang='lat' dir='ltr'>XX,</span> <span class='ocrx_word' id='word_1_426' title='bbox 559 3232 600 3298; x_wconf 89' lang='lat'>13,</span> <span class='ocrx_word' id='word_1_427' title='bbox 622 3242 708 3286; x_wconf 87' lang='lat' dir='ltr'>nostra</span> <span class='ocrx_word' id='word_1_428' title='bbox 751 3237 804 3286; x_wconf 86' lang='lat' dir='ltr'>Cot.</span> <span class='ocrx_word' id='word_1_429' title='bbox 821 3263 855 3270; x_wconf 92' lang='lat'><em>-</em></span> <span class='ocrx_word' id='word_1_430' title='bbox 876 3232 904 3302; x_wconf 85' lang='lat'>3)</span> <span class='ocrx_word' id='word_1_431' title='bbox 922 3232 1078 3300; x_wconf 73' lang='grc' dir='ltr'><em>ἆννουβίων</em></span> <span class='ocrx_word' id='word_1_432' title='bbox 1095 3232 1313 3288; x_wconf 63' lang='lat' dir='ltr'>canatanazor</span> 
     </span>
     <span class='ocr_line' id='line_1_42' title="bbox 137 3297 1312 3416; baseline -0.002 -62"><span class='ocrx_word' id='word_1_433' title='bbox 137 3305 200 3384; x_wconf 67' lang='lat' dir='ltr'>Epit</span> <span class='ocrx_word' id='word_1_434' title='bbox 218 3309 243 3352; x_wconf 91' lang='grc'>01</span> <span class='ocrx_word' id='word_1_435' title='bbox 256 3303 289 3351; x_wconf 91' lang='lat' dir='ltr'>al.</span> <span class='ocrx_word' id='word_1_436' title='bbox 303 3319 342 3368; x_wconf 88' lang='lat' dir='ltr'>ap.</span> <span class='ocrx_word' id='word_1_437' title='bbox 357 3303 411 3352; x_wconf 84' lang='lat' dir='ltr'>Cot.</span> <span class='ocrx_word' id='word_1_438' title='bbox 430 3329 463 3336; x_wconf 93' lang='lat'><em>-</em></span> <span class='ocrx_word' id='word_1_439' title='bbox 480 3297 507 3383; x_wconf 77' lang='grc' dir='ltr'>ὃ)</span> <span class='ocrx_word' id='word_1_440' title='bbox 527 3300 564 3360; x_wconf 80' lang='grc' dir='ltr'>ὡς</span> <span class='ocrx_word' id='word_1_441' title='bbox 580 3305 625 3354; x_wconf 81' lang='grc' dir='ltr'>καὶ</span> <span class='ocrx_word' id='word_1_442' title='bbox 643 3299 708 3361; x_wconf 82' lang='grc' dir='ltr'><em>τοὺς</em></span> <span class='ocrx_word' id='word_1_443' title='bbox 749 3303 800 3352; x_wconf 89' lang='lat' dir='ltr'>inv.</span> <span class='ocrx_word' id='word_1_444' title='bbox 813 3303 878 3351; x_wconf 82' lang='lat' dir='ltr'>BOD</span> <span class='ocrx_word' id='word_1_445' title='bbox 897 3307 921 3351; x_wconf 88' lang='lat' dir='ltr'>et</span> <span class='ocrx_word' id='word_1_446' title='bbox 933 3309 1019 3352; x_wconf 85' lang='lat' dir='ltr'>nostra</span> <span class='ocrx_word' id='word_1_447' title='bbox 1030 3303 1109 3416; x_wconf 79' lang='lat' dir='ltr'>Epit,</span> <span class='ocrx_word' id='word_1_448' title='bbox 1123 3304 1190 3351; x_wconf 90' lang='lat' dir='ltr'>solus</span> <span class='ocrx_word' id='word_1_449' title='bbox 1200 3301 1312 3354; x_wconf 83' lang='grc' dir='ltr'><em>Ἀννου-</em></span> 
     </span>
    </p>
   </div>
   <div class='ocr_carea' id='block_1_6' title="bbox 133 3363 1313 4452">
    <p class='ocr_par' dir='ltr' id='par_1_8' title="bbox 133 3363 1313 4182">
     <span class='ocr_line' id='line_1_43' title="bbox 138 3363 1313 3440; baseline -0.003 -20"><span class='ocrx_word' id='word_1_450' title='bbox 138 3388 194 3440; x_wconf 85' lang='grc' dir='ltr'><em>τιρο</em></span> <span class='ocrx_word' id='word_1_451' title='bbox 216 3367 306 3420; x_wconf 81' lang='grc' dir='ltr'><em>αὐτοῦ</em></span> <span class='ocrx_word' id='word_1_452' title='bbox 317 3365 426 3437; x_wconf 83' lang='grc' dir='ltr'><em>μάγους</em></span> <span class='ocrx_word' id='word_1_453' title='bbox 441 3387 466 3436; x_wconf 86' lang='lat' dir='ltr'>p.</span> <span class='ocrx_word' id='word_1_454' title='bbox 484 3373 590 3440; x_wconf 83' lang='grc' dir='ltr'><em>ομοίως</em></span> <span class='ocrx_word' id='word_1_455' title='bbox 601 3371 676 3422; x_wconf 90' lang='lat' dir='ltr'>Hom.</span> <span class='ocrx_word' id='word_1_456' title='bbox 689 3370 706 3420; x_wconf 92' lang='lat'>1.</span> <span class='ocrx_word' id='word_1_457' title='bbox 749 3372 817 3436; x_wconf 80' lang='grc' dir='ltr'><em>βίων</em></span> <span class='ocrx_word' id='word_1_458' title='bbox 828 3373 865 3417; x_wconf 87' lang='lat' dir='ltr'>est</span> <span class='ocrx_word' id='word_1_459' title='bbox 876 3370 951 3417; x_wconf 90' lang='lat' dir='ltr'>Hom.</span> <span class='ocrx_word' id='word_1_460' title='bbox 965 3368 1050 3428; x_wconf 90' lang='lat' dir='ltr'>XX,1</span> <span class='ocrx_word' id='word_1_461' title='bbox 1071 3405 1077 3416; x_wconf 91' lang='lat'><strong>.</strong></span> <span class='ocrx_word' id='word_1_462' title='bbox 1095 3395 1125 3403; x_wconf 95' lang='lat'>—</span> <span class='ocrx_word' id='word_1_463' title='bbox 1142 3363 1170 3434; x_wconf 88' lang='grc'>4)</span> <span class='ocrx_word' id='word_1_464' title='bbox 1184 3369 1313 3434; x_wconf 71' lang='grc' dir='ltr'><em>φαῦστον</em></span> 
     </span>
     <span class='ocr_line' id='line_1_44' title="bbox 137 3429 1313 3503; baseline -0.003 -15"><span class='ocrx_word' id='word_1_465' title='bbox 137 3455 167 3500; x_wconf 90' lang='lat' dir='ltr'>c.,</span> <span class='ocrx_word' id='word_1_466' title='bbox 180 3444 271 3488; x_wconf 88' lang='lat' dir='ltr'>nostra</span> <span class='ocrx_word' id='word_1_467' title='bbox 283 3438 354 3502; x_wconf 84' lang='lat' dir='ltr'>Epit.</span> <span class='ocrx_word' id='word_1_468' title='bbox 368 3443 393 3486; x_wconf 91' lang='grc'>01</span> <span class='ocrx_word' id='word_1_469' title='bbox 406 3438 438 3490; x_wconf 85' lang='lat' dir='ltr'>al.</span> <span class='ocrx_word' id='word_1_470' title='bbox 451 3453 489 3503; x_wconf 88' lang='lat' dir='ltr'>ap.</span> <span class='ocrx_word' id='word_1_471' title='bbox 501 3435 636 3499; x_wconf 76' lang='lat' dir='ltr'>eoa—6)</span> <span class='ocrx_word' id='word_1_472' title='bbox 650 3435 707 3491; x_wconf 81' lang='grc' dir='ltr'><em>ἀττ-</em></span> <span class='ocrx_word' id='word_1_473' title='bbox 749 3453 773 3502; x_wconf 90' lang='lat' dir='ltr'>p.</span> <span class='ocrx_word' id='word_1_474' title='bbox 791 3434 830 3502; x_wconf 76' lang='grc' dir='ltr'>τῷ</span> <span class='ocrx_word' id='word_1_475' title='bbox 843 3429 1000 3500; x_wconf 78' lang='grc' dir='ltr'>ΦαύστῳΙ)</span> <span class='ocrx_word' id='word_1_476' title='bbox 1025 3461 1060 3469; x_wconf 83' lang='grc'>-</span> <span class='ocrx_word' id='word_1_477' title='bbox 1079 3431 1105 3497; x_wconf 84' lang='grc'>5)</span> <span class='ocrx_word' id='word_1_478' title='bbox 1123 3431 1226 3500; x_wconf 73' lang='grc' dir='ltr'><em>ἀληθὴς</em></span> <span class='ocrx_word' id='word_1_479' title='bbox 1237 3438 1313 3484; x_wconf 89' lang='lat' dir='ltr'>B.—</span> 
     </span>
     <span class='ocr_line' id='line_1_45' title="bbox 136 3501 1312 3586; baseline -0.005 -31"><span class='ocrx_word' id='word_1_480' title='bbox 136 3509 230 3556; x_wconf 78' lang='grc' dir='ltr'><em>πίωνοι</em></span> <span class='ocrx_word' id='word_1_481' title='bbox 254 3507 300 3555; x_wconf 84' lang='grc' dir='ltr'>καὶ</span> <span class='ocrx_word' id='word_1_482' title='bbox 324 3501 498 3570; x_wconf 76' lang='grc' dir='ltr'><em>ἄννουβίωνα</em></span> <span class='ocrx_word' id='word_1_483' title='bbox 521 3506 573 3555; x_wconf 90' lang='lat' dir='ltr'>inv.</span> <span class='ocrx_word' id='word_1_484' title='bbox 595 3507 660 3556; x_wconf 85' lang='lat' dir='ltr'>BOD</span> <span class='ocrx_word' id='word_1_485' title='bbox 681 3511 706 3554; x_wconf 92' lang='grc'>01</span> <span class='ocrx_word' id='word_1_486' title='bbox 749 3504 765 3552; x_wconf 86' lang='grc'>6</span> <span class='ocrx_word' id='word_1_487' title='bbox 799 3502 901 3586; x_wconf 80' lang='grc' dir='ltr'><em>ἑτέρων</em></span> <span class='ocrx_word' id='word_1_488' title='bbox 925 3518 1001 3568; x_wconf 86' lang='lat' dir='ltr'>supra</span> <span class='ocrx_word' id='word_1_489' title='bbox 1025 3520 1054 3552; x_wconf 88' lang='grc' dir='ltr'>αι</span> <span class='ocrx_word' id='word_1_490' title='bbox 1074 3517 1140 3552; x_wconf 85' lang='lat' dir='ltr'>man.</span> <span class='ocrx_word' id='word_1_491' title='bbox 1164 3519 1201 3568; x_wconf 93' lang='lat' dir='ltr'>pr.</span> <span class='ocrx_word' id='word_1_492' title='bbox 1225 3505 1253 3552; x_wconf 90' lang='lat' dir='ltr'>B.</span> <span class='ocrx_word' id='word_1_493' title='bbox 1277 3529 1312 3538; x_wconf 88' lang='lat'><em>-</em></span> 
     </span>
     <span class='ocr_line' id='line_1_46' title="bbox 135 3567 1310 3640; baseline -0.005 -16"><span class='ocrx_word' id='word_1_494' title='bbox 135 3577 224 3624; x_wconf 87' lang='lat' dir='ltr'>nostra</span> <span class='ocrx_word' id='word_1_495' title='bbox 235 3573 307 3638; x_wconf 79' lang='lat' dir='ltr'>Epir.</span> <span class='ocrx_word' id='word_1_496' title='bbox 321 3599 354 3607; x_wconf 91' lang='lat'><em>—</em></span> <span class='ocrx_word' id='word_1_497' title='bbox 372 3569 398 3632; x_wconf 81' lang='lat' dir='ltr'>l)</span> <span class='ocrx_word' id='word_1_498' title='bbox 413 3567 487 3640; x_wconf 77' lang='grc' dir='ltr'><em>ὑμεῖς</em></span> <span class='ocrx_word' id='word_1_499' title='bbox 498 3575 528 3636; x_wconf 92' lang='grc' dir='ltr'>Β,</span> <span class='ocrx_word' id='word_1_500' title='bbox 542 3573 608 3637; x_wconf 90' lang='lat' dir='ltr'>quod</span> <span class='ocrx_word' id='word_1_501' title='bbox 619 3573 705 3638; x_wconf 90' lang='lat' dir='ltr'>probo.</span> <span class='ocrx_word' id='word_1_502' title='bbox 750 3571 765 3623; x_wconf 81' lang='grc'>7</span> <span class='ocrx_word' id='word_1_503' title='bbox 791 3568 876 3628; x_wconf 71' lang='grc' dir='ltr'><em>εὐθυς</em></span> <span class='ocrx_word' id='word_1_504' title='bbox 888 3587 935 3620; x_wconf 88' lang='lat' dir='ltr'>om.</span> <span class='ocrx_word' id='word_1_505' title='bbox 948 3575 1034 3620; x_wconf 85' lang='lat' dir='ltr'>nostra</span> <span class='ocrx_word' id='word_1_506' title='bbox 1044 3571 1108 3636; x_wconf 83' lang='lat' dir='ltr'>Epit</span> <span class='ocrx_word' id='word_1_507' title='bbox 1119 3575 1144 3621; x_wconf 88' lang='lat' dir='ltr'>et</span> <span class='ocrx_word' id='word_1_508' title='bbox 1160 3572 1191 3620; x_wconf 88' lang='lat' dir='ltr'>al.</span> <span class='ocrx_word' id='word_1_509' title='bbox 1204 3586 1243 3637; x_wconf 86' lang='lat' dir='ltr'>ap.</span> <span class='ocrx_word' id='word_1_510' title='bbox 1257 3571 1310 3621; x_wconf 82' lang='lat' dir='ltr'>Cot.</span> 
     </span>
     <span class='ocr_line' id='line_1_47' title="bbox 134 3633 1311 3709; baseline 0.003 -21"><span class='ocrx_word' id='word_1_511' title='bbox 134 3670 165 3676; x_wconf 88' lang='lat'><em>—</em></span> <span class='ocrx_word' id='word_1_512' title='bbox 189 3635 218 3700; x_wconf 85' lang='grc'>8)</span> <span class='ocrx_word' id='word_1_513' title='bbox 243 3635 312 3709; x_wconf 83' lang='grc' dir='ltr'><em>ὑμῖν</em></span> <span class='ocrx_word' id='word_1_514' title='bbox 335 3643 356 3688; x_wconf 91' lang='grc' dir='ltr'>Β</span> <span class='ocrx_word' id='word_1_515' title='bbox 381 3645 405 3689; x_wconf 89' lang='grc'>01</span> <span class='ocrx_word' id='word_1_516' title='bbox 425 3641 502 3690; x_wconf 91' lang='lat' dir='ltr'>Hom.</span> <span class='ocrx_word' id='word_1_517' title='bbox 525 3641 585 3704; x_wconf 91' lang='lat' dir='ltr'>XX,</span> <span class='ocrx_word' id='word_1_518' title='bbox 609 3638 649 3690; x_wconf 89' lang='grc'>16.</span> <span class='ocrx_word' id='word_1_519' title='bbox 673 3667 706 3676; x_wconf 63' lang='grc'>»-</span> <span class='ocrx_word' id='word_1_520' title='bbox 801 3639 1015 3706; x_wconf 70' lang='grc' dir='ltr'>θορθΧΧΧἮ.</span> <span class='ocrx_word' id='word_1_521' title='bbox 1035 3633 1311 3708; x_wconf 50' lang='grc'><strong>0001111010-</strong></span> 
     </span>
     <span class='ocr_line' id='line_1_48' title="bbox 134 3702 1311 3776; baseline -0.001 -18"><span class='ocrx_word' id='word_1_522' title='bbox 134 3705 161 3776; x_wconf 88' lang='grc'>9)</span> <span class='ocrx_word' id='word_1_523' title='bbox 185 3705 314 3760; x_wconf 83' lang='grc' dir='ltr'><em>σκευάσω</em></span> <span class='ocrx_word' id='word_1_524' title='bbox 340 3708 414 3769; x_wconf 84' lang='lat' dir='ltr'>BCD,</span> <span class='ocrx_word' id='word_1_525' title='bbox 438 3708 513 3757; x_wconf 89' lang='lat' dir='ltr'>Hom.</span> <span class='ocrx_word' id='word_1_526' title='bbox 530 3708 547 3758; x_wconf 89' lang='grc'>1.</span> <span class='ocrx_word' id='word_1_527' title='bbox 567 3724 597 3770; x_wconf 84' lang='grc'><strong>0.,</strong></span> <span class='ocrx_word' id='word_1_528' title='bbox 621 3713 707 3758; x_wconf 87' lang='lat' dir='ltr'>nostra</span> <span class='ocrx_word' id='word_1_529' title='bbox 748 3702 904 3776; x_wconf 80' lang='grc' dir='ltr'><em>θοινόμενοι</em></span> <span class='ocrx_word' id='word_1_530' title='bbox 920 3708 995 3758; x_wconf 90' lang='lat' dir='ltr'>Hom.</span> <span class='ocrx_word' id='word_1_531' title='bbox 1013 3707 1073 3770; x_wconf 90' lang='lat' dir='ltr'>XX,</span> <span class='ocrx_word' id='word_1_532' title='bbox 1087 3705 1127 3771; x_wconf 81' lang='lat'>12,</span> <span class='ocrx_word' id='word_1_533' title='bbox 1145 3707 1311 3774; x_wconf 82' lang='lat' dir='ltr'>uostraEpit.</span> 
     </span>
     <span class='ocr_line' id='line_1_49' title="bbox 134 3770 1311 3858; baseline 0 -32"><span class='ocrx_word' id='word_1_534' title='bbox 134 3777 205 3858; x_wconf 86' lang='lat' dir='ltr'>Epit.</span> <span class='ocrx_word' id='word_1_535' title='bbox 224 3777 299 3826; x_wconf 80' lang='grc'><strong>0101.</strong></span> <span class='ocrx_word' id='word_1_536' title='bbox 317 3792 357 3842; x_wconf 89' lang='lat' dir='ltr'>ap.</span> <span class='ocrx_word' id='word_1_537' title='bbox 377 3775 481 3824; x_wconf 76' lang='grc'><strong>(101-</strong></span> <span class='ocrx_word' id='word_1_538' title='bbox 501 3770 544 3841; x_wconf 89' lang='grc'><strong>10)</strong></span> <span class='ocrx_word' id='word_1_539' title='bbox 562 3770 706 3839; x_wconf 74' lang='grc' dir='ltr'><em>ἀναλαβών</em></span> <span class='ocrx_word' id='word_1_540' title='bbox 749 3776 817 3824; x_wconf 83' lang='grc'><strong>0101.</strong></span> <span class='ocrx_word' id='word_1_541' title='bbox 831 3792 870 3842; x_wconf 88' lang='lat' dir='ltr'>ap.</span> <span class='ocrx_word' id='word_1_542' title='bbox 883 3776 938 3826; x_wconf 80' lang='lat' dir='ltr'>Cot.</span> <span class='ocrx_word' id='word_1_543' title='bbox 957 3802 992 3810; x_wconf 95' lang='lat'><em>-</em></span> <span class='ocrx_word' id='word_1_544' title='bbox 1011 3770 1039 3842; x_wconf 71' lang='grc'>2)</span> <span class='ocrx_word' id='word_1_545' title='bbox 1058 3792 1088 3827; x_wconf 84' lang='grc' dir='ltr'>τε</span> <span class='ocrx_word' id='word_1_546' title='bbox 1099 3776 1184 3826; x_wconf 86' lang='lat' dir='ltr'>addidi</span> <span class='ocrx_word' id='word_1_547' title='bbox 1196 3793 1226 3826; x_wconf 83' lang='lat' dir='ltr'>ex</span> <span class='ocrx_word' id='word_1_548' title='bbox 1237 3777 1311 3834; x_wconf 84' lang='lat' dir='ltr'>BGD,</span> 
     </span>
     <span class='ocr_line' id='line_1_50' title="bbox 136 3839 1311 3925; baseline 0.002 -31"><span class='ocrx_word' id='word_1_549' title='bbox 136 3863 167 3896; x_wconf 85' lang='grc' dir='ltr'>το</span> <span class='ocrx_word' id='word_1_550' title='bbox 181 3839 227 3925; x_wconf 52' lang='lat' dir='ltr'>§tl</span> <span class='ocrx_word' id='word_1_551' title='bbox 236 3849 322 3894; x_wconf 87' lang='lat' dir='ltr'>noster</span> <span class='ocrx_word' id='word_1_552' title='bbox 333 3845 409 3893; x_wconf 90' lang='lat' dir='ltr'>Hom.</span> <span class='ocrx_word' id='word_1_553' title='bbox 424 3839 497 3910; x_wconf 79' lang='lat' dir='ltr'>eod.)</span> <span class='ocrx_word' id='word_1_554' title='bbox 516 3842 592 3895; x_wconf 69' lang='grc' dir='ltr'><em>ἴδιον</em></span> <span class='ocrx_word' id='word_1_555' title='bbox 605 3846 706 3911; x_wconf 80' lang='grc' dir='ltr'><em>χρίσας</em></span> <span class='ocrx_word' id='word_1_556' title='bbox 748 3844 823 3892; x_wconf 89' lang='lat' dir='ltr'>Hom.</span> <span class='ocrx_word' id='word_1_557' title='bbox 833 3844 850 3892; x_wconf 97' lang='grc'>1.</span> <span class='ocrx_word' id='word_1_558' title='bbox 860 3859 881 3894; x_wconf 91' lang='lat' dir='ltr'>c.</span> <span class='ocrx_word' id='word_1_559' title='bbox 892 3849 917 3894; x_wconf 87' lang='grc'>01</span> <span class='ocrx_word' id='word_1_560' title='bbox 926 3847 1012 3894; x_wconf 88' lang='lat' dir='ltr'>nostra</span> <span class='ocrx_word' id='word_1_561' title='bbox 1021 3843 1090 3910; x_wconf 85' lang='lat' dir='ltr'>Epit.</span> <span class='ocrx_word' id='word_1_562' title='bbox 1101 3871 1136 3880; x_wconf 90' lang='lat'><em>-</em></span> <span class='ocrx_word' id='word_1_563' title='bbox 1148 3840 1176 3910; x_wconf 89' lang='lat'>3)</span> <span class='ocrx_word' id='word_1_564' title='bbox 1187 3839 1311 3914; x_wconf 80' lang='grc' dir='ltr'><em>ἡμετέρω</em></span> 
     </span>
     <span class='ocr_line' id='line_1_51' title="bbox 135 3907 1310 3979; baseline -0.001 -18"><span class='ocrx_word' id='word_1_565' title='bbox 135 3925 296 3978; x_wconf 83' lang='grc' dir='ltr'><em>ττροσωπον</em></span> <span class='ocrx_word' id='word_1_566' title='bbox 308 3928 331 3977; x_wconf 88' lang='lat' dir='ltr'>p.</span> <span class='ocrx_word' id='word_1_567' title='bbox 349 3907 537 3978; x_wconf 79' lang='grc' dir='ltr'><strong><em>ἀλειψάμενος</em></strong></span> <span class='ocrx_word' id='word_1_568' title='bbox 548 3911 623 3962; x_wconf 91' lang='lat' dir='ltr'>Hom.</span> <span class='ocrx_word' id='word_1_569' title='bbox 639 3911 657 3961; x_wconf 93' lang='lat' dir='ltr'>l.</span> <span class='ocrx_word' id='word_1_570' title='bbox 675 3926 705 3972; x_wconf 90' lang='grc'><strong>0.,</strong></span> <span class='ocrx_word' id='word_1_571' title='bbox 749 3911 775 3960; x_wconf 83' lang='lat' dir='ltr'>O.</span> <span class='ocrx_word' id='word_1_572' title='bbox 793 3937 826 3946; x_wconf 91' lang='lat'><em>—</em></span> <span class='ocrx_word' id='word_1_573' title='bbox 843 3907 871 3979; x_wconf 88' lang='grc'>4)</span> <span class='ocrx_word' id='word_1_574' title='bbox 885 3910 962 3970; x_wconf 74' lang='grc' dir='ltr'><em>ἔδοξε</em></span> <span class='ocrx_word' id='word_1_575' title='bbox 974 3912 1049 3961; x_wconf 91' lang='lat' dir='ltr'>Hom.</span> <span class='ocrx_word' id='word_1_576' title='bbox 1061 3913 1077 3962; x_wconf 98' lang='grc' dir='ltr'>1Ι</span> <span class='ocrx_word' id='word_1_577' title='bbox 1091 3927 1121 3975; x_wconf 89' lang='grc'><strong>0.,</strong></span> <span class='ocrx_word' id='word_1_578' title='bbox 1138 3917 1225 3964; x_wconf 87' lang='lat' dir='ltr'>nostra</span> <span class='ocrx_word' id='word_1_579' title='bbox 1241 3911 1310 3977; x_wconf 85' lang='lat' dir='ltr'>Epit.</span> 
     </span>
     <span class='ocr_line' id='line_1_52' title="bbox 133 3973 1311 4048; baseline 0 -21"><span class='ocrx_word' id='word_1_580' title='bbox 133 3985 221 4029; x_wconf 88' lang='lat' dir='ltr'>nostra</span> <span class='ocrx_word' id='word_1_581' title='bbox 234 3979 305 4044; x_wconf 88' lang='lat' dir='ltr'>Epit.</span> <span class='ocrx_word' id='word_1_582' title='bbox 320 3985 345 4027; x_wconf 85' lang='lat' dir='ltr'>et</span> <span class='ocrx_word' id='word_1_583' title='bbox 357 3979 388 4028; x_wconf 88' lang='lat' dir='ltr'>al.</span> <span class='ocrx_word' id='word_1_584' title='bbox 402 3994 441 4044; x_wconf 84' lang='lat' dir='ltr'>ap.</span> <span class='ocrx_word' id='word_1_585' title='bbox 456 3979 510 4028; x_wconf 84' lang='lat' dir='ltr'>Cot.</span> <span class='ocrx_word' id='word_1_586' title='bbox 524 4006 556 4014; x_wconf 91' lang='lat'><em>-</em></span> <span class='ocrx_word' id='word_1_587' title='bbox 571 3975 614 4042; x_wconf 92' lang='grc'>11)</span> <span class='ocrx_word' id='word_1_588' title='bbox 628 3975 701 4046; x_wconf 78' lang='grc' dir='ltr'><em>ἔχειν</em></span> <span class='ocrx_word' id='word_1_589' title='bbox 745 3982 770 4026; x_wconf 92' lang='grc'>01</span> <span class='ocrx_word' id='word_1_590' title='bbox 781 3977 812 4027; x_wconf 84' lang='lat' dir='ltr'>ai.</span> <span class='ocrx_word' id='word_1_591' title='bbox 826 3994 840 4028; x_wconf 88' lang='lat' dir='ltr'>a</span> <span class='ocrx_word' id='word_1_592' title='bbox 860 4018 865 4028; x_wconf 93' lang='lat'><strong>.</strong></span> <span class='ocrx_word' id='word_1_593' title='bbox 879 3979 933 4030; x_wconf 82' lang='lat' dir='ltr'>Cot.</span> <span class='ocrx_word' id='word_1_594' title='bbox 946 4006 979 4015; x_wconf 87' lang='lat'>—</span> <span class='ocrx_word' id='word_1_595' title='bbox 996 3975 1024 4046; x_wconf 84' lang='lat'>5)</span> <span class='ocrx_word' id='word_1_596' title='bbox 1041 3973 1206 4048; x_wconf 73' lang='lat' dir='ltr'>oidoporivzoi</span> <span class='ocrx_word' id='word_1_597' title='bbox 1223 3995 1253 4028; x_wconf 82' lang='grc' dir='ltr'>τε</span> <span class='ocrx_word' id='word_1_598' title='bbox 1266 3980 1311 4028; x_wconf 85' lang='grc' dir='ltr'>καὶ</span> 
     </span>
     <span class='ocr_line' id='line_1_53' title="bbox 133 3995 1311 4114; baseline -0.002 -18"><span class='ocrx_word' id='word_1_599' title='bbox 133 4043 200 4113; x_wconf 75' lang='grc' dir='ltr'>δὸξη</span> <span class='ocrx_word' id='word_1_600' title='bbox 229 4046 281 4096; x_wconf 88' lang='lat' dir='ltr'>inv.</span> <span class='ocrx_word' id='word_1_601' title='bbox 305 4047 359 4106; x_wconf 85' lang='lat' dir='ltr'>OD,</span> <span class='ocrx_word' id='word_1_602' title='bbox 384 4047 460 4096; x_wconf 92' lang='lat' dir='ltr'>Hom.</span> <span class='ocrx_word' id='word_1_603' title='bbox 479 4047 495 4096; x_wconf 94' lang='lat' dir='ltr'>l.</span> <span class='ocrx_word' id='word_1_604' title='bbox 518 4062 539 4096; x_wconf 90' lang='grc'><strong>0,</strong></span> <span class='ocrx_word' id='word_1_605' title='bbox 568 4051 592 4096; x_wconf 90' lang='grc'>01</span> <span class='ocrx_word' id='word_1_606' title='bbox 615 4050 701 4096; x_wconf 90' lang='lat' dir='ltr'>nostra</span> <span class='ocrx_word' id='word_1_607' title='bbox 744 4046 818 4096; x_wconf 77' lang='grc'>0.-</span> <span class='ocrx_word' id='word_1_608' title='bbox 837 3995 865 4114; x_wconf 66' lang='lat' dir='ltr'>S)</span> <span class='ocrx_word' id='word_1_609' title='bbox 883 4043 1154 4114; x_wconf 80' lang='grc' dir='ltr'>ἀπελογίσατοΒΟΙ).</span> <span class='ocrx_word' id='word_1_610' title='bbox 1173 4072 1207 4080; x_wconf 98' lang='grc'>-</span> <span class='ocrx_word' id='word_1_611' title='bbox 1223 4039 1311 4110; x_wconf 62' lang='lat' dir='ltr'>nent</span> 
     </span>
     <span class='ocr_line' id='line_1_54' title="bbox 133 4102 1311 4182; baseline -0.002 -18"><span class='ocrx_word' id='word_1_612' title='bbox 133 4102 202 4180; x_wconf 81' lang='lat' dir='ltr'>Epit.</span> <span class='ocrx_word' id='word_1_613' title='bbox 744 4109 776 4164; x_wconf 86' lang='grc' dir='ltr'>τὸ</span> <span class='ocrx_word' id='word_1_614' title='bbox 789 4109 842 4182; x_wconf 76' lang='grc' dir='ltr'>(τῷ</span> <span class='ocrx_word' id='word_1_615' title='bbox 852 4117 928 4164; x_wconf 90' lang='lat' dir='ltr'>Hom.</span> <span class='ocrx_word' id='word_1_616' title='bbox 945 4120 970 4162; x_wconf 90' lang='lat' dir='ltr'>et</span> <span class='ocrx_word' id='word_1_617' title='bbox 982 4115 1002 4162; x_wconf 90' lang='lat'>0</span> <span class='ocrx_word' id='word_1_618' title='bbox 1015 4117 1114 4162; x_wconf 86' lang='lat' dir='ltr'>nostrae</span> <span class='ocrx_word' id='word_1_619' title='bbox 1126 4107 1208 4178; x_wconf 79' lang='lat' dir='ltr'>Epir.)</span> <span class='ocrx_word' id='word_1_620' title='bbox 1222 4106 1311 4168; x_wconf 77' lang='grc' dir='ltr'><em>οὕτως</em></span> 
     </span>
    </p>

    <p class='ocr_par' dir='ltr' id='par_1_9' title="bbox 134 4173 1310 4452">
     <span class='ocr_line' id='line_1_55' title="bbox 189 4173 1308 4249; baseline -0.002 -18"><span class='ocrx_word' id='word_1_621' title='bbox 189 4181 251 4247; x_wconf 84' lang='lat' dir='ltr'>Cap.</span> <span class='ocrx_word' id='word_1_622' title='bbox 276 4181 408 4231; x_wconf 79' lang='lat' dir='ltr'>CXXXV.</span> <span class='ocrx_word' id='word_1_623' title='bbox 454 4177 480 4248; x_wconf 89' lang='lat'>1)</span> <span class='ocrx_word' id='word_1_624' title='bbox 509 4183 581 4249; x_wconf 76' lang='grc' dir='ltr'>φησὶ</span> <span class='ocrx_word' id='word_1_625' title='bbox 608 4183 638 4230; x_wconf 89' lang='lat' dir='ltr'>D.</span> <span class='ocrx_word' id='word_1_626' title='bbox 667 4209 700 4219; x_wconf 92' lang='lat'>-—</span> <span class='ocrx_word' id='word_1_627' title='bbox 743 4178 855 4246; x_wconf 74' lang='grc' dir='ltr'><em>ἀπηνῶς</em></span> <span class='ocrx_word' id='word_1_628' title='bbox 866 4183 912 4232; x_wconf 85' lang='grc' dir='ltr'>καὶ</span> <span class='ocrx_word' id='word_1_629' title='bbox 924 4178 1074 4247; x_wconf 73' lang='grc' dir='ltr'>ἐχθρωδῶς</span> <span class='ocrx_word' id='word_1_630' title='bbox 1093 4177 1209 4246; x_wconf 69' lang='grc' dir='ltr'>(ἐχθρῶς</span> <span class='ocrx_word' id='word_1_631' title='bbox 1220 4173 1308 4245; x_wconf 92' lang='lat' dir='ltr'>Hom.)</span> 
     </span>
     <span class='ocr_line' id='line_1_56' title="bbox 134 4243 1310 4318; baseline -0.001 -22"><span class='ocrx_word' id='word_1_632' title='bbox 134 4243 160 4314; x_wconf 77' lang='grc'>2)</span> <span class='ocrx_word' id='word_1_633' title='bbox 175 4243 395 4318; x_wconf 80' lang='grc' dir='ltr'><em>προσφυγόντες</em></span> <span class='ocrx_word' id='word_1_634' title='bbox 413 4249 471 4309; x_wconf 78' lang='lat' dir='ltr'>(om.</span> <span class='ocrx_word' id='word_1_635' title='bbox 484 4244 700 4317; x_wconf 80' lang='grc' dir='ltr'><em>προσφυγόντες</em></span> <span class='ocrx_word' id='word_1_636' title='bbox 743 4246 821 4316; x_wconf 73' lang='grc' dir='ltr'><em>αὐτῷ</em></span> <span class='ocrx_word' id='word_1_637' title='bbox 831 4249 958 4315; x_wconf 71' lang='grc' dir='ltr'><em>χρῆσθαι</em></span> <span class='ocrx_word' id='word_1_638' title='bbox 978 4247 1035 4296; x_wconf 89' lang='lat' dir='ltr'>add.</span> <span class='ocrx_word' id='word_1_639' title='bbox 1055 4247 1160 4296; x_wconf 77' lang='lat' dir='ltr'>Hormi.</span> <span class='ocrx_word' id='word_1_640' title='bbox 1174 4262 1204 4306; x_wconf 87' lang='grc'><strong>0.,</strong></span> <span class='ocrx_word' id='word_1_641' title='bbox 1222 4253 1310 4296; x_wconf 86' lang='lat' dir='ltr'>nostra</span> 
     </span>
     <span class='ocr_line' id='line_1_57' title="bbox 135 4309 1307 4388; baseline 0 -24"><span class='ocrx_word' id='word_1_642' title='bbox 135 4317 154 4363; x_wconf 92' lang='lat'>0</span> <span class='ocrx_word' id='word_1_643' title='bbox 167 4321 270 4366; x_wconf 84' lang='lat' dir='ltr'>nostrae</span> <span class='ocrx_word' id='word_1_644' title='bbox 282 4316 362 4381; x_wconf 81' lang='lat' dir='ltr'>Epit.)</span> <span class='ocrx_word' id='word_1_645' title='bbox 382 4314 423 4382; x_wconf 76' lang='grc' dir='ltr'>τῷ</span> <span class='ocrx_word' id='word_1_646' title='bbox 435 4317 534 4388; x_wconf 81' lang='grc' dir='ltr'><em>Πέτρῳ</em></span> <span class='ocrx_word' id='word_1_647' title='bbox 548 4315 699 4383; x_wconf 75' lang='grc' dir='ltr'><em>συνεργοῦ·</em></span> <span class='ocrx_word' id='word_1_648' title='bbox 743 4317 813 4382; x_wconf 82' lang='grc' dir='ltr'><strong>Ερί1.</strong></span> <span class='ocrx_word' id='word_1_649' title='bbox 826 4321 851 4364; x_wconf 87' lang='grc'>01</span> <span class='ocrx_word' id='word_1_650' title='bbox 862 4316 894 4364; x_wconf 84' lang='lat' dir='ltr'>al.</span> <span class='ocrx_word' id='word_1_651' title='bbox 903 4331 942 4381; x_wconf 91' lang='lat' dir='ltr'>ap.</span> <span class='ocrx_word' id='word_1_652' title='bbox 951 4314 1006 4364; x_wconf 83' lang='lat' dir='ltr'>Cot.</span> <span class='ocrx_word' id='word_1_653' title='bbox 1018 4342 1051 4349; x_wconf 92' lang='lat'>-</span> <span class='ocrx_word' id='word_1_654' title='bbox 1063 4309 1091 4380; x_wconf 87' lang='grc'>8)</span> <span class='ocrx_word' id='word_1_655' title='bbox 1103 4312 1182 4366; x_wconf 77' lang='grc' dir='ltr'><em>ἕνεκα</em></span> <span class='ocrx_word' id='word_1_656' title='bbox 1191 4315 1218 4378; x_wconf 85' lang='lat' dir='ltr'>O,</span> <span class='ocrx_word' id='word_1_657' title='bbox 1232 4316 1307 4364; x_wconf 88' lang='lat' dir='ltr'>Hom.</span> 
     </span>
     <span class='ocr_line' id='line_1_58' title="bbox 138 4377 1306 4452; baseline 0.002 -21"><span class='ocrx_word' id='word_1_658' title='bbox 138 4397 183 4435; x_wconf 86' lang='grc' dir='ltr'>σιν</span> <span class='ocrx_word' id='word_1_659' title='bbox 217 4400 243 4449; x_wconf 87' lang='lat' dir='ltr'>p.</span> <span class='ocrx_word' id='word_1_660' title='bbox 277 4385 376 4452; x_wconf 81' lang='grc' dir='ltr'><em>Πέτρῳ</em></span> <span class='ocrx_word' id='word_1_661' title='bbox 415 4379 700 4452; x_wconf 79' lang='grc' dir='ltr'><em>προσπεφοιτήκασιν</em></span> <span class='ocrx_word' id='word_1_662' title='bbox 741 4384 758 4432; x_wconf 91' lang='lat'>1.</span> <span class='ocrx_word' id='word_1_663' title='bbox 769 4399 790 4432; x_wconf 87' lang='grc'><strong>0.</strong></span> <span class='ocrx_word' id='word_1_664' title='bbox 803 4387 827 4434; x_wconf 90' lang='grc'>01</span> <span class='ocrx_word' id='word_1_665' title='bbox 839 4388 926 4434; x_wconf 86' lang='lat' dir='ltr'>nostra</span> <span class='ocrx_word' id='word_1_666' title='bbox 939 4382 1009 4448; x_wconf 84' lang='lat' dir='ltr'>Epit.</span> <span class='ocrx_word' id='word_1_667' title='bbox 1030 4409 1065 4419; x_wconf 87' lang='lat'><em>-</em></span> <span class='ocrx_word' id='word_1_668' title='bbox 1086 4377 1113 4442; x_wconf 89' lang='grc'>9)</span> <span class='ocrx_word' id='word_1_669' title='bbox 1127 4377 1241 4452; x_wconf 77' lang='grc' dir='ltr'><em>οῧφησι</em></span> <span class='ocrx_word' id='word_1_670' title='bbox 1254 4385 1306 4433; x_wconf 92' lang='lat' dir='ltr'>BD.</span> 
     </span>
    </p>
   </div>
   <div class='ocr_carea' id='block_1_7' title="bbox 0 0 1568 4894">
    <p class='ocr_par' dir='ltr' id='par_1_10' title="bbox 0 0 1568 4894">
     <span class='ocr_line' id='line_1_59' title="bbox 0 0 1568 4894; baseline 0 0"><span class='ocrx_word' id='word_1_671' title='bbox 0 0 1568 4894; x_wconf 95' lang='lat' dir='ltr'> </span> 
     </span>
    </p>
   </div>
  </div>
 </body>
</html>
