3126 4894
579 291 734 341 ΕΡΙΤΟΜΕ
751 293 894 346 ALTERA.
1261 282 1320 348 167

210 435 353 490 LXXIII.
369 437 411 514 Iit
423 452 478 507 ego
489 436 636 506 respondi:
656 437 723 494 Noli
734 444 829 492 autem
835 445 951 518 putare,
961 440 1001 493 mi
1013 441 1135 509 domine,
1146 443 1222 514 quod
1233 443 1320 500 istum

145 521 300 558 maerorem
319 503 490 573 insrpienter
509 503 561 556 sim
578 521 762 574 perpessurus
795 523 862 575 qum
877 507 932 562 imo
944 507 1095 562 admodum
1107 515 1186 564 recta
1201 511 1319 566 ratione.

145 571 285 634 Quoniam
297 571 374 624 euim
386 577 425 638 te,
439 571 552 625 domine
564 571 612 637 mi,
625 589 675 641 pro
688 544 818 626 omnibus
830 573 935 640 habeo,
948 593 998 645 pro
1010 581 1100 644 patre,
1113 583 1213 643 matre,
1226 577 1319 632 fratri-

121 674 126 688 .
143 639 195 692 bus
208 644 239 692 et
252 637 402 710 cognatis,
419 638 468 706 qui
484 655 536 707 per
546 637 641 692 Deum
653 645 752 693 auctor
763 640 832 693 mihi
847 641 930 694 fuisti
942 643 1142 713 agnoscendae
1155 645 1318 699 servatricis

144 705 290 773 veritatis,
308 706 447 759 inlocum
464 706 588 760 omnium
604 705 713 760 habens
730 712 759 760 te
775 707 896 762 maxima
908 708 984 762 fruor
996 711 1199 765 consolatione.
1234 711 1318 767 Prae·

143 781 222 826 terea
238 779 336 827 autem
353 772 460 826 veritus
479 773 636 827 iuventutis
653 791 733 828 meae
757 775 916 829 naturalem
938 777 1199 845 concupiscentiam
1216 779 1317 832 anxius

144 857 228 906 eram,
241 857 278 894 ne
290 839 379 906 forte,
393 839 441 919 qui
452 839 536 893 homo
548 840 658 895 iuvenis
671 859 746 907 sum,
764 841 924 896 disiunctus
937 861 954 896 a
965 849 994 896 te
1008 844 1166 924 cupiditate
1178 845 1315 914 vincerer,

144 907 191 976 qui
207 925 286 960 nunc
302 907 344 962 ita
360 925 485 960 anrmum
497 907 608 974 induxi,
625 915 656 962 ut
673 908 780 976 absque
794 909 891 963 diviua
908 911 1029 979 quadam
1048 929 1090 965 1ra
1106 929 1163 966 non
1178 913 1286 982 possim
1298 931 1316 968 a

144 981 171 1028 te
185 974 295 1028 divelli.
330 974 445 1029 Etenim
460 975 576 1028 memini
596 977 628 1029 te'
643 975 720 1045 apud
737 975 904 1030 Caesaream
922 977 1040 1032 dixisse:
1064 977 1095 1032 Si
1113 980 1176 1060 quis
1192 981 1254 1033 vult
1271 997 1315 1035 me

145 1042 290 1106 comitari,
307 1042 355 1112 pie
368 1041 525 1096 comitetur.
555 1042 607 1096 Pie
620 1049 716 1096 autem
728 1043 859 1110 dicebas,
872 1044 1013 1098 neminem
1029 1045 1149 1101 tristitia
1161 1047 1316 1102 secundum

143 1109 237 1162 Deum
252 1107 385 1176 afficere,
403 1109 482 1162 velut
495 1109 570 1164 relin
590 1109 682 1163 uendo
699 1115 846 1178 parentes,
862 1128 977 1166 uxorem
989 1113 1163 1180 unanimem,
1181 1120 1231 1168 aut
1243 1115 1315 1168 alios

145 1193 226 1230 verae
236 1175 375 1247 religioni
387 1175 526 1230 addictos.
589 1177 643 1230 nde
657 1194 711 1248 ego
723 1195 836 1248 prorsus
848 1178 903 1232 tibi
916 1197 978 1232 sum
990 1185 1074 1249 aptus
1086 1179 1197 1234 itineris
1211 1199 1315 1248 comes,

144 1243 267 1323 aquosi
279 1243 430 1298 maximam
445 1244 489 1296 vis
506 1243 578 1300 inire
596 1245 730 1315 gratiam,
748 1245 907 1300 ministeria
926 1263 1067 1301 servorum
1083 1247 1161 1302 obire
1173 1247 1243 1300 mihi
1254 1265 1315 1318 per·

145 1328 265 1364 miseris.
1020 1331 1024 1338 ·

210 1377 346 1432 LXXIV.
372 1377 435 1432 Hoc
448 1378 545 1432 audito
557 1379 658 1432 Petrus
672 1379 822 1433 subridens
834 1379 889 1433 ait:
909 1379 983 1443 Quid
996 1397 1026 1434 er
1048 1397 1063 1434 e
1075 1387 1158 1451 putas
1172 1379 1313 1450 Clemens,

145 1447 219 1514 quod
231 1463 290 1499 non
302 1446 366 1515 ipsa
377 1446 552 1500 necessitate
565 1451 597 1499 tu
609 1447 640 1504 in
653 1464 794 1500 servorum
804 1449 896 1500 Iocum
907 1446 977 1500 mihi
987 1465 1017 1501 re
1040 1447 1148 1519 igeris?
1165 1449 1239 1503 Nam
1251 1450 1314 1530 quis

146 1514 295 1593 elegantes
308 1530 342 1566 ac
359 1513 463 1566 multas
482 1513 616 1567 sindones
630 1531 694 1568 cum
706 1514 850 1568 adiunctis
863 1513 976 1568 annulis
990 1520 1018 1568 et
1031 1515 1137 1569 calceis
1151 1515 1314 1571 custodiet?

146 1580 213 1644 Quis
225 1597 295 1634 vero
308 1586 337 1634 et
350 1580 448 1634 suavia
461 1581 657 1650 exquisitaque
668 1581 787 1652 opsonia
798 1581 988 1651 praeparabit,
1003 1599 1148 1652 quaecum
1157 1583 1236 1637 varia
1246 1585 1313 1651 sint,

143 1649 245 1702 multos
265 1665 299 1702 ac
315 1647 422 1718 peritos
431 1649 582 1728 postulant
594 1666 714 1718 coquos,
734 1653 763 1702 et
780 1648 874 1702 omnia
886 1649 951 1716 illa,
964 1666 1035 1718 quae
1048 1650 1124 1720 apud
1135 1650 1313 1705 effeminatos

142 1714 271 1770 homines
284 1715 452 1785 cupiditati,
468 1722 604 1785 tanquam
621 1715 736 1770 immani
748 1715 874 1782 bestiae,
886 1733 1063 1795 peromnem
1076 1717 1207 1787 quaesita
1218 1718 1313 1771 luxum

142 1801 174 1836 ac
185 1783 317 1837 fraudem
328 1783 483 1852 parantur?
502 1781 559 1837 Sed
570 1783 667 1838 forsan
678 1783 750 1838 haec
762 1782 817 1836 tibi
829 1790 908 1836 venit
921 1785 1069 1855 cogitatio,
1083 1785 1150 1854 quia
1160 1802 1217 1838 non
1229 1783 1312 1839 intel-

142 1851 245 1904 laxeris
262 1856 349 1919 atque
367 1850 481 1922 ignores
499 1851 576 1904 vitae
593 1867 673 1905 meae
690 1850 843 1917 rationem,
861 1851 909 1970 qui
924 1869 998 1920 pane
1015 1852 1074 1905 solo
1092 1857 1121 1905 et
1138 1851 1221 1905 olivis
1238 1859 1311 1919 utor,

64 1936 68 1948 ·
141 1935 259 1987 rareque
275 1917 414 1984 oleribus,
434 1917 537 1987 quique
555 1917 756 1972 vestimentum
773 1934 807 1971 ac
823 1917 871 1987 pal
885 1918 943 1970 ium
959 1917 1050 1973 habeo
1067 1917 1121 1973 hoc
1133 1919 1239 1989 ipsum,
1254 1915 1313 1988 'quo

141 1987 264 2039 amiotus
277 2003 348 2051 sum,
361 1989 391 2039 et
402 1985 460 2039 alio
473 2002 543 2056 opus
555 2003 613 2040 non
624 1985 726 2052 habeo,
739 2001 831 2054 neque
843 1986 903 2040 ulla
913 2002 951 2038 re.
980 1987 1052 2041 Nam
1064 1987 1095 2039 in
1106 1986 1151 2038 his
1164 1987 1251 2040 etiam
1264 1987 1312 2040 ab·

139 2055 214 2106 uude
227 2052 301 2106 mihi
318 2058 369 2106 est.
405 2051 471 2106 Mea
487 2053 591 2123 quippe
608 2069 688 2106 mens
708 2069 826 2107 cernens
843 2052 904 2106 illic
917 2053 1011 2108 omnia
1022 2053 1098 2108 bona
1113 2059 1229 2108 aeterna
1240 2054 1313 2108 nihil

141 2137 253 2186 eorum,
275 2135 348 2188 quae
365 2119 412 2173 hic
431 2125 510 2187 sunt,
528 2119 640 2190 aspicit.
675 2119 813 2174 Attamen
828 2125 908 2174 tuum
924 2121 1072 2200 egregium
1089 2121 1213 2191 approbo
1231 2119 1312 2175 insti-

140 2194 243 2255 tutum‚
265 2187 405 2256 mirorque
418 2205 452 2241 ac
463 2187 563 2254 laudo,
581 2205 636 2256 quo
653 2187 736 2242 modo
754 2204 817 2240 cum
834 2187 873 2240 sis
890 2187 975 2242 virm
990 2189 1051 2242 vita
1068 2194 1233 2258 sumptuosa
1245 2189 1311 2242 edu-

141 2260 236 2321 catus,
255 2254 343 2308 facile
360 2254 475 2308 vivendi
491 2255 629 2308 rationem
645 2255 838 2308 immutaveris
856 2255 938 2309 etad
956 2256 1017 2310 sola
1038 2256 1200 2310 necessaria
1216 2257 1311 2310 tradu-

140 2323 221 2376 xeris.
258 2321 319 2376 Nos
332 2321 407 2375 enim
424 2339 553 2392 apuero,
572 2338 626 2393 ego
639 2327 668 2376 et
680 2321 824 2387 Andreas,
841 2322 889 2391 qui
902 2321 1029 2377 eiusdem
1040 2339 1150 2376 mecum
1163 2339 1213 2376 san
1236 2323 1311 2376 uinis

140 2396 184 2444 est
203 2405 344 2460 meusque
365 2391 521 2443 secundum
540 2389 635 2443 Deum
655 2388 756 2454 frater,
778 2405 836 2441 non
856 2389 947 2442 solum
968 2389 998 2442 in
1020 2389 1163 2459 pupillatu
1186 2405 1201 2442 e
1223 2389 1310 2456 ucati,

138 2474 236 2512 verum
249 2457 337 2511 etiam
349 2462 464 2526 propter
475 2456 601 2527 inopiam
614 2462 643 2510 et
656 2472 803 2510 aerumnas
816 2455 853 2509 ad
864 2455 990 2508 laborem
999 2454 1163 2521 assuefacti,
1178 2456 1310 2525 expedite

140 2543 217 2580 nune
230 2524 366 2577 itinerum
377 2523 543 2578 vexationes
555 2523 680 2578 ferimus.
717 2523 808 2587 Quare
822 2522 846 2574 si
859 2521 988 2576 crederes
1000 2521 1079 2589 mihi,
1094 2539 1236 2576 servorum
1248 2521 1310 2576 offi-

139 2593 183 2646 cia
195 2609 251 2656 me,
264 2591 408 2644 hominem
421 2592 587 2662 operarium,
600 2591 655 2646 tibi
667 2589 830 2661 impendere
843 2589 1022 2642 concederes.

206 2658 329 2713 LXXV.
363 2656 404 2712 At
416 2676 470 2730 ego
481 2659 552 2713 haec
565 2658 684 2713 audiens
702 2657 859 2712 contremui
872 2663 901 2710 et
915 2655 1121 2721 collacrimavi,
1135 2655 1211 2725 quod
1222 2655 1310 2710 talem

137 2727 290 2782 habuisset
301 2726 457 2780 orationem
468 2727 518 2795 vir,
532 2743 587 2796 quo
598 2725 695 2780 cuncti
706 2725 789 2778 huius
801 2724 905 2778 aetatis
915 2723 1043 2778 homines
1051 2723 1162 2776 ratione
1172 2723 1310 2779 scientiae

138 2813 171 2850 ac
189 2794 312 2865 pietatis
328 2793 449 2848 minores
462 2799 535 2848 sunt.
571 2793 645 2846 Tum
662 2793 712 2847 ille
724 2791 919 2847 lacrimantem
931 2809 975 2844 me
987 2791 1088 2844 videns
1101 2807 1215 2844 causam
1227 2790 1309 2844 lacri-

137 2880 246 2916 marum
263 2861 491 2932 percontabatur.
527 2863 565 2914 Et
584 2877 638 2932 ego
653 2878 699 2915 res
721 2859 801 2915 ondi:
832 2858 907 2924 Quid
924 2865 1034 2912 tantum
1046 2856 1178 2928 peccavi,
1195 2863 1227 2910 ut
1240 2855 1309 2910 mihi

136 2927 303 2983 huiusmodi
318 2927 457 2998 proferres
475 2927 651 2982 sermonem?
680 2879 719 2982 ΕΞ
734 2928 836 2982 Petrus
853 2927 980 2997 excepit:
1001 2925 1030 2980 Si
1047 2928 1151 2979 malum
1164 2929 1221 2990 est',
1235 2923 1310 2994 quod

140 2998 209 3063 dixi,
222 3003 256 3050 ut
270 2995 389 3050 serviam
401 2995 466 3063 tibi,
478 3001 512 3048 tu
522 2996 599 3066 prior
610 2997 748 3066 peccasti,
761 2995 815 3049 hoo
828 2994 898 3047 mihi
909 2995 1057 3064 postulans
1070 2993 1174 3047 facere.
1204 2994 1243 3046 Et
1256 3009 1310 3063 ego

140 3065 206 3120 Non
219 3069 274 3130 est,
288 3064 411 3132 inquam,
425 3063 532 3117 simile:
550 3080 595 3116 me
608 3063 683 3116 enim
694 3062 749 3117 hoc
761 3081 779 3117 a
801 3079 847 3116 ere
861 3062 944 3116 decet
957 3062 1083 3128 omnino,
1096 3067 1126 3115 te
1138 3065 1247 3126 autem,
1261 3059 1310 3130 qui

138 3149 168 3186 es
181 3132 241 3186 Dei
270 3147 353 3184 raeco
364 3136 393 3184 et
403 3137 513 3184 nostras
527 3147 622 3184 servas
635 3131 753 3196 animas,
767 3081 799 3182 id
805 3129 875 3182 mihi
884 3129 978 3182 facere
989 3145 1075 3200 grave
1086 3134 1139 3182 est.
1157 3127 1196 3180 Et
1207 3125 1310 3181 Petrus

137 3150 301 3270 respondit:
319 3197 460 3252 Dominus
478 3203 586 3264 noster,
603 3198 652 3266 qui
668 3197 706 3250 ad
722 3196 843 3250 salutem
859 3196 947 3248 totius
960 3195 1058 3248 mundi
1069 3195 1162 3259 venit,
1180 3211 1309 3262 unusque

138 3267 265 3320 omnium
283 3271 328 3320 est
345 3265 555 3332 nobilissimus,
577 3264 742 3318 servitutem
760 3261 908 3326 sustinuit,
927 3267 959 3314 nt
971 3279 1022 3315 uos
1036 3261 1167 3314 suaderet
1179 3277 1236 3312 non
1248 3277 1309 3313 eru·

139 3335 259 3388 bescere
272 3333 407 3386 fratribus
419 3332 524 3387 nostris
539 3349 681 3386 servorum
696 3329 828 3384 exhibere
840 3328 1007 3394 ministeria,
1022 3327 1149 3396 quamvis
1158 3326 1310 3403 admodum

139 3401 252 3456 nobiles
266 3401 362 3454 simus.
379 3399 452 3453 Tum
465 3416 520 3470 ego
530 3399 603 3452 dixi:
622 3397 653 3452 Si
665 3404 772 3467 putem,
785 3395 861 3466 quod
872 3400 901 3448 te
914 3394 967 3446 sim
980 3398 1159 3470 superaturus
1172 3396 1308 3458 matrone,

141 3469 248 3524 stultus
266 3468 332 3520 sim:
356 3473 549 3520 verumtamen
565 3484 620 3538 ago
639 3465 747 3536 gratias
768 3461 965 3535 providentiae
981 3460 1052 3528 Dei,
1074 3477 1141 3529 qma
1159 3463 1309 3528 parentum

140 3534 322 3590 locohabere
335 3539 364 3588 te
377 3533 473 3588 merui.
544 3569 546 3572 -
1366 3585 1372 3596 ,

205 3601 334 3656 LXXVI
338 3643 342 3652 .
377 3601 415 3654 Et
426 3602 527 3655 Petrus
541 3598 741 3672 interrogavit:
766 3599 893 3654 Nemone
905 3612 971 3650 vere
984 3613 1018 3650 ex
1030 3609 1134 3666 genere
1146 3591 1308 3716 tibiflugef'

139 3668 204 3724 est?
221 3668 383 3739 Respondi:
403 3668 474 3723 Sunt
487 3668 601 3738 quidem
613 3667 696 3721 multi
709 3672 738 3721 et
749 3670 883 3737 potentes
894 3663 947 3717 viri
957 3669 1042 3734 atque
1053 3679 1087 3716 ex
1098 3677 1230 3732 prosapia
1263 3677 1309 3715 ae-

191 3860 252 3926 Cap.
273 3857 395 3908 LXXIII.
431 3853 459 3924 1)
484 3851 573 3923 donsp
597 3857 704 3906 coniecit
745 3852 774 3924 4)
790 3857 830 3906 Ita
846 3859 931 3906 noster
947 3855 1021 3904 Hom.
1039 3851 1098 3903 Cod.
1116 3852 1221 3918 etEpit.
1235 3847 1307 3912 att,

139 3927 257 3977 Davisius
277 3925 308 3974 ad
323 3927 398 3975 Hom.
416 3926 476 3986 XII,
494 3923 519 3987 5,
537 3925 581 3974 ubi
598 3929 703 3988 uterque
747 3919 804 3988 ὄψῃ
817 3923 854 3972 sd.
867 3923 921 3972 Cot.
934 3923 1009 3972 IIom.
1021 3921 1081 3980 XII,
1094 3917 1118 3979 6,
1134 3915 1200 3984 ὄψει
1214 3920 1308 3968 OV.-

139 3995 214 4044 Hom.
245 3993 329 4043 Codex
354 3993 455 4042 exbibet
477 3987 555 4060 ὅπερ.
601 3992 630 4040 In
653 3992 702 4041 OV
746 3987 771 4051 5)
784 3992 892 4058 θηρίων
903 3990 934 4040 V.
952 4015 985 4024 -
1005 3983 1032 4052 6)
1054 3987 1079 4037 ei
1096 3987 1141 4036 OV
1155 4002 1210 4034 cum
1223 3989 1308 4034 nostro

139 4062 195 4111 heic
219 4061 296 4110 habes
321 4055 424 4128 ὥσπερ.
445 4085 478 4094 -
508 4055 536 4126 2)
560 4059 600 4110 Ita
622 4057 703 4123 Epit,
745 4059 822 4106 Hom.
837 4050 977 4127 Cod-I)
987 4055 1032 4104 καὶ
1044 4068 1091 4102 om.
1103 4053 1131 4101 0.
1144 4047 1215 4130 7-8)
1229 4049 1308 4118 ἔργα·

139 4123 289 4179 ἀπολιπὼν
307 4127 357 4177 CV
374 4143 431 4177 oum
447 4131 554 4190 utroque
566 4126 641 4175 Hom.
656 4125 703 4174 Co·
747 4124 810 4175 τίαν
823 4123 897 4172 0.-
912 4117 938 4188 9)
971 4117 1272 4198 ΙερομιένοιςκυλσειςΧῖ.
1294 4181 1306 4194 .

140 4189 335 4311 dica—3gxu
354 4196 395 4312 [ἐν]
409 4193 540 4328 (slipepotg
555 4187 661 4320 suchp.)
674 4192 703 4240 0.
747 4257 767 4306 0
798 4189 833 4238 Ca
851 4138 1305 4321 3)Ι.ὶέ(ΧέῖἵὸῙ)ἣττ4ιΞνόᾞ23του

382 4277 595 4324 .εη.-
645 4275 703 4327 μου
770 4281 831 4304 .-
913 4273 1048 4371 pa-
1196 4277 1307 4299 ..-

141 4331 171 4382 V.
181 4278 252 4396 -Xi
262 4346 312 4398 μοι
321 4328 377 4379 add.
387 4329 472 4387 Hom„
485 4332 511 4377 et
522 4331 579 4376 anto
591 4326 704 4392 Epit-
746 4321 772 4388 5)
786 4321 898 4374 δεῖσθαι
940 4357 944 4367 .
