<?xml version="1.0" encoding="UTF-8"?>
<!DOCTYPE html PUBLIC "-//W3C//DTD XHTML 1.0 Transitional//EN"
    "http://www.w3.org/TR/xhtml1/DTD/xhtml1-transitional.dtd">
<html xmlns="http://www.w3.org/1999/xhtml" xml:lang="en" lang="en">
 <head>
  <title>
</title>
<meta http-equiv="Content-Type" content="text/html;charset=utf-8" />
  <meta name='ocr-system' content='tesseract 3.04.00' />
  <meta name='ocr-capabilities' content='ocr_page ocr_carea ocr_par ocr_line ocrx_word'/>
</head>
<body>
  <div class='ocr_page' id='page_1' title='image "./clementinorumep00dresgoog_0016.png"; bbox 0 0 3114 4896; ppageno 0'>
   <div class='ocr_carea' id='block_1_1' title="bbox 605 353 1332 406">
    <p class='ocr_par' dir='ltr' id='par_1_1' title="bbox 605 353 1332 406">
     <span class='ocr_line' id='line_1_1' title="bbox 605 353 1332 406; baseline -0.001 -3"><span class='ocrx_word' id='word_1_1' title='bbox 605 353 876 406; x_wconf 83' lang='lat' dir='ltr'><strong>PROLEGOMENA.</strong></span> <span class='ocrx_word' id='word_1_2' title='bbox 1300 361 1332 402; x_wconf 83' lang='lat' dir='ltr'><strong>lx</strong></span> 
     </span>
    </p>
   </div>
   <div class='ocr_carea' id='block_1_2' title="bbox 158 501 1332 914">
    <p class='ocr_par' dir='ltr' id='par_1_2' title="bbox 158 501 1332 914">
     <span class='ocr_line' id='line_1_2' title="bbox 161 501 1332 572; baseline 0.005 -16"><span class='ocrx_word' id='word_1_3' title='bbox 161 520 190 558; x_wconf 88' lang='lat' dir='ltr'><strong>se</strong></span> <span class='ocrx_word' id='word_1_4' title='bbox 201 502 340 556; x_wconf 87' lang='lat' dir='ltr'><strong>allaturos</strong></span> <span class='ocrx_word' id='word_1_5' title='bbox 352 501 555 572; x_wconf 81' lang='lat' dir='ltr'><strong>promiserant,</strong></span> <span class='ocrx_word' id='word_1_6' title='bbox 571 507 604 554; x_wconf 87' lang='lat' dir='ltr'><strong>ut</strong></span> <span class='ocrx_word' id='word_1_7' title='bbox 622 501 650 553; x_wconf 92' lang='lat' dir='ltr'><strong>di</strong></span> <span class='ocrx_word' id='word_1_8' title='bbox 674 502 800 557; x_wconf 91' lang='lat' dir='ltr'><strong>nioribus</strong></span> <span class='ocrx_word' id='word_1_9' title='bbox 813 503 908 557; x_wconf 91' lang='lat' dir='ltr'><strong>locum</strong></span> <span class='ocrx_word' id='word_1_10' title='bbox 924 501 1067 557; x_wconf 78' lang='lat' dir='ltr'><strong>crederem</strong></span> <span class='ocrx_word' id='word_1_11' title='bbox 1085 519 1148 557; x_wconf 91' lang='lat' dir='ltr'><strong>esse</strong></span> <span class='ocrx_word' id='word_1_12' title='bbox 1165 503 1332 562; x_wconf 87' lang='lat' dir='ltr'><strong>cedendum.</strong></span> 
     </span>
     <span class='ocr_line' id='line_1_3' title="bbox 162 520 1331 640; baseline 0.002 -16"><span class='ocrx_word' id='word_1_13' title='bbox 162 569 217 624; x_wconf 87' lang='lat' dir='ltr'><strong>Sed</strong></span> <span class='ocrx_word' id='word_1_14' title='bbox 227 570 390 640; x_wconf 82' lang='lat' dir='ltr'>bibliopola</span> <span class='ocrx_word' id='word_1_15' title='bbox 407 587 470 622; x_wconf 91' lang='lat' dir='ltr'><strong>cum</strong></span> <span class='ocrx_word' id='word_1_16' title='bbox 487 569 562 622; x_wconf 86' lang='lat' dir='ltr'><strong>libro</strong></span> <span class='ocrx_word' id='word_1_17' title='bbox 579 520 745 625; x_wconf 70' lang='lat' dir='ltr'><strong>excudendo</strong></span> <span class='ocrx_word' id='word_1_18' title='bbox 762 571 846 624; x_wconf 91' lang='lat' dir='ltr'><strong>nimis</strong></span> <span class='ocrx_word' id='word_1_19' title='bbox 859 571 1015 624; x_wconf 81' lang='lat' dir='ltr'><strong>festinante</strong></span> <span class='ocrx_word' id='word_1_20' title='bbox 1028 571 1174 640; x_wconf 90' lang='lat' dir='ltr'><strong>promissis</strong></span> <span class='ocrx_word' id='word_1_21' title='bbox 1187 589 1244 625; x_wconf 91' lang='lat' dir='ltr'><strong>non</strong></span> <span class='ocrx_word' id='word_1_22' title='bbox 1256 577 1331 626; x_wconf 85' lang='lat' dir='ltr'><strong>stare</strong></span> 
     </span>
     <span class='ocr_line' id='line_1_4' title="bbox 158 637 1331 757; baseline 0.002 -65"><span class='ocrx_word' id='word_1_23' title='bbox 158 645 319 717; x_wconf 79' lang='lat' dir='ltr'><strong>potuerunt.</strong></span> <span class='ocrx_word' id='word_1_24' title='bbox 345 639 523 756; x_wconf 51' lang='lat' dir='ltr'><strong>Quapropter</strong></span> <span class='ocrx_word' id='word_1_25' title='bbox 534 642 605 757; x_wconf 62' lang='lat' dir='ltr'><strong>peltpJ</strong></span> <span class='ocrx_word' id='word_1_26' title='bbox 614 637 666 691; x_wconf 87' lang='lat' dir='ltr'><strong>abs</strong></span> <span class='ocrx_word' id='word_1_27' title='bbox 682 644 721 705; x_wconf 87' lang='lat' dir='ltr'><strong>te,</strong></span> <span class='ocrx_word' id='word_1_28' title='bbox 735 639 826 692; x_wconf 89' lang='lat' dir='ltr'><strong>lector</strong></span> <span class='ocrx_word' id='word_1_29' title='bbox 837 638 983 700; x_wconf 89' lang='lat' dir='ltr'><strong>benivole,</strong></span> <span class='ocrx_word' id='word_1_30' title='bbox 996 644 1131 756; x_wconf 28' lang='lat' dir='ltr'><strong>upumeam</strong></span> <span class='ocrx_word' id='word_1_31' title='bbox 1142 638 1331 694; x_wconf 88' lang='lat' dir='ltr'><strong>Homiliarum</strong></span> 
     </span>
     <span class='ocr_line' id='line_1_5' title="bbox 160 706 1331 843; baseline 0 -17"><span class='ocrx_word' id='word_1_32' title='bbox 160 706 554 843; x_wconf 56' lang='lat' dir='ltr'><strong>⁶d¹tiililinils¹¹ilieliil</strong></span> <span class='ocrx_word' id='word_1_33' title='bbox 572 706 1093 842; x_wconf 53' lang='lat' dir='ltr'><strong>stultitiaillibatae.</strong></span> <span class='ocrx_word' id='word_1_34' title='bbox 1128 771 1237 840; x_wconf 66' lang='lat' dir='ltr'><strong>nono,</strong></span> <span class='ocrx_word' id='word_1_35' title='bbox 1274 773 1331 828; x_wconf 71' lang='lat' dir='ltr'><strong>ua</strong></span> 
     </span>
     <span class='ocr_line' id='line_1_6' title="bbox 158 839 1330 914; baseline 0.001 -20"><span class='ocrx_word' id='word_1_36' title='bbox 158 841 282 911; x_wconf 87' lang='lat' dir='ltr'><strong>optimus</strong></span> <span class='ocrx_word' id='word_1_37' title='bbox 296 841 339 894; x_wconf 92' lang='lat' dir='ltr'><strong>nil</strong></span> <span class='ocrx_word' id='word_1_38' title='bbox 351 839 471 910; x_wconf 87' lang='lat' dir='ltr'><strong>praebet</strong></span> <span class='ocrx_word' id='word_1_39' title='bbox 484 839 540 892; x_wconf 91' lang='lat' dir='ltr'><strong>nisi</strong></span> <span class='ocrx_word' id='word_1_40' title='bbox 552 839 608 914; x_wconf 76' lang='lat' dir='ltr'><strong>trip</strong></span> <span class='ocrx_word' id='word_1_41' title='bbox 620 839 781 910; x_wconf 86' lang='lat' dir='ltr'><strong>fragmenta</strong></span> <span class='ocrx_word' id='word_1_42' title='bbox 794 857 828 894; x_wconf 83' lang='lat' dir='ltr'><strong>cx</strong></span> <span class='ocrx_word' id='word_1_43' title='bbox 846 858 898 911; x_wconf 91' lang='lat' dir='ltr'><strong>cap</strong></span> <span class='ocrx_word' id='word_1_44' title='bbox 921 884 925 893; x_wconf 95' lang='lat'>.</span> <span class='ocrx_word' id='word_1_45' title='bbox 940 841 1030 900; x_wconf 75' lang='lat'>1-19,</span> <span class='ocrx_word' id='word_1_46' title='bbox 1044 840 1156 908; x_wconf 87' lang='grc'><strong>23-26,</strong></span> <span class='ocrx_word' id='word_1_47' title='bbox 1168 841 1203 894; x_wconf 86' lang='grc'><strong>33</strong></span> <span class='ocrx_word' id='word_1_48' title='bbox 1238 849 1244 861; x_wconf 90' lang='grc'><em>·</em></span> <span class='ocrx_word' id='word_1_49' title='bbox 1273 886 1279 898; x_wconf 93' lang='grc'><strong>.</strong></span> <span class='ocrx_word' id='word_1_50' title='bbox 1301 843 1330 895; x_wconf 92' lang='lat' dir='ltr'><strong>ls</strong></span> 
     </span>
    </p>
   </div>
   <div class='ocr_carea' id='block_1_3' title="bbox 157 859 1330 1100">
    <p class='ocr_par' dir='ltr' id='par_1_3' title="bbox 157 859 1330 1100">
     <span class='ocr_line' id='line_1_7' title="bbox 157 859 1330 980; baseline 0 -17"><span class='ocrx_word' id='word_1_51' title='bbox 157 915 202 964; x_wconf 84' lang='lat' dir='ltr'><strong>est</strong></span> <span class='ocrx_word' id='word_1_52' title='bbox 213 908 411 980; x_wconf 83' lang='lat' dir='ltr'><strong>Angelicus</strong></span> <span class='ocrx_word' id='word_1_53' title='bbox 432 905 564 962; x_wconf 88' lang='lat' dir='ltr'><strong>foliorum</strong></span> <span class='ocrx_word' id='word_1_54' title='bbox 582 908 824 976; x_wconf 83' lang='lat' dir='ltr'><strong>quaternariorum</strong></span> <span class='ocrx_word' id='word_1_55' title='bbox 843 859 919 978; x_wconf 70' lang='lat' dir='ltr'><strong>apud</strong></span> <span class='ocrx_word' id='word_1_56' title='bbox 935 908 1087 962; x_wconf 89' lang='lat' dir='ltr'><strong>monachos</strong></span> <span class='ocrx_word' id='word_1_57' title='bbox 1103 908 1330 980; x_wconf 85' lang='lat' dir='ltr'><strong>Augustinianos</strong></span> 
     </span>
     <span class='ocr_line' id='line_1_8' title="bbox 159 973 1329 1100; baseline 0.002 -70"><span class='ocrx_word' id='word_1_58' title='bbox 159 977 291 1100; x_wconf 50' lang='lat' dir='ltr'><strong>signatus</strong></span> <span class='ocrx_word' id='word_1_59' title='bbox 310 977 343 1028; x_wconf 94' lang='lat' dir='ltr'><strong>B.</strong></span> <span class='ocrx_word' id='word_1_60' title='bbox 365 977 389 1029; x_wconf 92' lang='lat'><strong>1.</strong></span> <span class='ocrx_word' id='word_1_61' title='bbox 408 973 448 1031; x_wconf 82' lang='lat'><strong>14.</strong></span> <span class='ocrx_word' id='word_1_62' title='bbox 470 981 513 1038; x_wconf 82' lang='lat'><strong>(=</strong></span> <span class='ocrx_word' id='word_1_63' title='bbox 523 973 568 1039; x_wconf 85' lang='grc' dir='ltr'><strong>Α).</strong></span> <span class='ocrx_word' id='word_1_64' title='bbox 606 975 677 1028; x_wconf 87' lang='lat' dir='ltr'><strong>Post</strong></span> <span class='ocrx_word' id='word_1_65' title='bbox 698 975 822 1030; x_wconf 92' lang='lat' dir='ltr'><strong>indicem</strong></span> <span class='ocrx_word' id='word_1_66' title='bbox 842 977 986 1046; x_wconf 87' lang='lat' dir='ltr'><strong>praevium</strong></span> <span class='ocrx_word' id='word_1_67' title='bbox 1006 976 1077 1031; x_wconf 90' lang='lat' dir='ltr'><strong>haec</strong></span> <span class='ocrx_word' id='word_1_68' title='bbox 1099 978 1206 1046; x_wconf 84' lang='lat' dir='ltr'><strong>scripta</strong></span> <span class='ocrx_word' id='word_1_69' title='bbox 1225 976 1329 1036; x_wconf 85' lang='lat' dir='ltr'><strong>habes:</strong></span> 
     </span>
    </p>
   </div>
   <div class='ocr_carea' id='block_1_4' title="bbox 152 1043 1330 2943">
    <p class='ocr_par' dir='ltr' id='par_1_4' title="bbox 154 1043 1330 1844">
     <span class='ocr_line' id='line_1_9' title="bbox 166 1043 1329 1112; baseline 0.001 -14"><span class='ocrx_word' id='word_1_70' title='bbox 166 1087 173 1110; x_wconf 94' lang='lat'><em>,</em></span> <span class='ocrx_word' id='word_1_71' title='bbox 201 1045 275 1112; x_wconf 74' lang='lat' dir='ltr'><strong>oder</strong></span> <span class='ocrx_word' id='word_1_72' title='bbox 291 1043 524 1098; x_wconf 87' lang='lat' dir='ltr'><strong>membranaceus</strong></span> <span class='ocrx_word' id='word_1_73' title='bbox 540 1047 722 1112; x_wconf 85' lang='lat' dir='ltr'><strong>pervetustus</strong></span> <span class='ocrx_word' id='word_1_74' title='bbox 741 1046 870 1097; x_wconf 88' lang='lat' dir='ltr'><strong>continet</strong></span> <span class='ocrx_word' id='word_1_75' title='bbox 888 1044 1047 1098; x_wconf 75' lang='lat' dir='ltr'><strong>chartas22</strong></span> <span class='ocrx_word' id='word_1_76' title='bbox 1077 1043 1236 1110; x_wconf 61' lang='lat' dir='ltr'><strong>(corum).</strong></span> <span class='ocrx_word' id='word_1_77' title='bbox 1273 1044 1329 1099; x_wconf 86' lang='lat' dir='ltr'><strong>Sed</strong></span> 
     </span>
     <span class='ocr_line' id='line_1_10' title="bbox 155 1110 1328 1183; baseline -0.001 -16"><span class='ocrx_word' id='word_1_78' title='bbox 155 1113 265 1183; x_wconf 89' lang='lat' dir='ltr'><strong>priores</strong></span> <span class='ocrx_word' id='word_1_79' title='bbox 283 1111 399 1166; x_wconf 89' lang='lat' dir='ltr'><strong>chartae</strong></span> <span class='ocrx_word' id='word_1_80' title='bbox 410 1111 445 1163; x_wconf 73' lang='grc'><strong>24</strong></span> <span class='ocrx_word' id='word_1_81' title='bbox 463 1120 546 1172; x_wconf 85' lang='lat' dir='ltr'><strong>(corr.</strong></span> <span class='ocrx_word' id='word_1_82' title='bbox 558 1110 603 1175; x_wconf 83' lang='grc'><strong>25)</strong></span> <span class='ocrx_word' id='word_1_83' title='bbox 624 1117 653 1164; x_wconf 89' lang='lat' dir='ltr'><strong>et</strong></span> <span class='ocrx_word' id='word_1_84' title='bbox 670 1111 842 1179; x_wconf 84' lang='lat' dir='ltr'><strong>posteriores</strong></span> <span class='ocrx_word' id='word_1_85' title='bbox 862 1113 912 1165; x_wconf 88' lang='grc'><strong>223</strong></span> <span class='ocrx_word' id='word_1_86' title='bbox 931 1119 960 1166; x_wconf 87' lang='lat' dir='ltr'><strong>et</strong></span> <span class='ocrx_word' id='word_1_87' title='bbox 978 1112 1029 1165; x_wconf 71' lang='lat'><strong>221</strong></span> <span class='ocrx_word' id='word_1_88' title='bbox 1049 1114 1128 1181; x_wconf 84' lang='lat' dir='ltr'><strong>(corr.</strong></span> <span class='ocrx_word' id='word_1_89' title='bbox 1146 1112 1198 1165; x_wconf 81' lang='grc'><strong>224</strong></span> <span class='ocrx_word' id='word_1_90' title='bbox 1213 1117 1242 1166; x_wconf 92' lang='lat' dir='ltr'><strong>et</strong></span> <span class='ocrx_word' id='word_1_91' title='bbox 1258 1113 1328 1176; x_wconf 81' lang='grc'><strong>225),</strong></span> 
     </span>
     <span class='ocr_line' id='line_1_11' title="bbox 157 1177 1329 1251; baseline 0 -17"><span class='ocrx_word' id='word_1_92' title='bbox 157 1179 262 1251; x_wconf 90' lang='lat' dir='ltr'><strong>quibus</strong></span> <span class='ocrx_word' id='word_1_93' title='bbox 275 1177 665 1233; x_wconf 84' lang='lat' dir='ltr'><strong>continenturClementis</strong></span> <span class='ocrx_word' id='word_1_94' title='bbox 682 1177 846 1247; x_wconf 83' lang='lat' dir='ltr'><strong>Epistola</strong></span> <span class='ocrx_word' id='word_1_95' title='bbox 863 1179 893 1244; x_wconf 87' lang='lat' dir='ltr'><strong>(l)</strong></span> <span class='ocrx_word' id='word_1_96' title='bbox 915 1180 954 1233; x_wconf 92' lang='lat' dir='ltr'><strong>de</strong></span> <span class='ocrx_word' id='word_1_97' title='bbox 975 1180 1120 1250; x_wconf 90' lang='lat' dir='ltr'><strong>periodo</strong></span> <span class='ocrx_word' id='word_1_98' title='bbox 1143 1180 1170 1234; x_wconf 87' lang='lat' dir='ltr'><strong>S.</strong></span> <span class='ocrx_word' id='word_1_99' title='bbox 1183 1179 1281 1234; x_wconf 87' lang='lat' dir='ltr'><strong>Petri</strong></span> <span class='ocrx_word' id='word_1_100' title='bbox 1299 1186 1329 1234; x_wconf 90' lang='lat' dir='ltr'><strong>et</strong></span> 
     </span>
     <span class='ocr_line' id='line_1_12' title="bbox 157 1245 1329 1317; baseline -0.001 -14"><span class='ocrx_word' id='word_1_101' title='bbox 157 1249 234 1303; x_wconf 84' lang='lat' dir='ltr'><strong>vita</strong></span> <span class='ocrx_word' id='word_1_102' title='bbox 251 1245 385 1301; x_wconf 89' lang='lat' dir='ltr'><strong>Mariae</strong></span> <span class='ocrx_word' id='word_1_103' title='bbox 401 1245 656 1317; x_wconf 78' lang='lat' dir='ltr'><strong>Aegyptiacae,</strong></span> <span class='ocrx_word' id='word_1_104' title='bbox 676 1253 741 1299; x_wconf 87' lang='lat' dir='ltr'><strong>sunt</strong></span> <span class='ocrx_word' id='word_1_105' title='bbox 758 1265 843 1300; x_wconf 91' lang='lat' dir='ltr'><strong>manu</strong></span> <span class='ocrx_word' id='word_1_106' title='bbox 858 1247 1012 1301; x_wconf 81' lang='lat' dir='ltr'><strong>recentiori</strong></span> <span class='ocrx_word' id='word_1_107' title='bbox 1029 1247 1059 1301; x_wconf 92' lang='lat' dir='ltr'><strong>in</strong></span> <span class='ocrx_word' id='word_1_108' title='bbox 1075 1247 1247 1316; x_wconf 89' lang='lat' dir='ltr'><strong>bombycino</strong></span> <span class='ocrx_word' id='word_1_109' title='bbox 1265 1264 1329 1302; x_wconf 87' lang='lat' dir='ltr'><strong>exa-</strong></span> 
     </span>
     <span class='ocr_line' id='line_1_13' title="bbox 157 1311 1329 1386; baseline 0 -17"><span class='ocrx_word' id='word_1_110' title='bbox 157 1321 266 1370; x_wconf 87' lang='lat' dir='ltr'><strong>ratae“.</strong></span> <span class='ocrx_word' id='word_1_111' title='bbox 308 1313 549 1368; x_wconf 86' lang='lat' dir='ltr'><strong>Clementinorum</strong></span> <span class='ocrx_word' id='word_1_112' title='bbox 566 1314 574 1366; x_wconf 91' lang='lat' dir='ltr'><strong>i</strong></span> <span class='ocrx_word' id='word_1_113' title='bbox 599 1313 656 1366; x_wconf 91' lang='lat' dir='ltr'><strong>itur</strong></span> <span class='ocrx_word' id='word_1_114' title='bbox 674 1311 836 1385; x_wconf 83' lang='lat' dir='ltr'><strong>fragmenta</strong></span> <span class='ocrx_word' id='word_1_115' title='bbox 853 1331 868 1368; x_wconf 90' lang='lat' dir='ltr'><strong>e</strong></span> <span class='ocrx_word' id='word_1_116' title='bbox 885 1320 1050 1386; x_wconf 87' lang='lat' dir='ltr'><strong>pervetusto</strong></span> <span class='ocrx_word' id='word_1_117' title='bbox 1068 1315 1222 1384; x_wconf 86' lang='lat' dir='ltr'><strong>exemplari</strong></span> <span class='ocrx_word' id='word_1_118' title='bbox 1240 1332 1329 1385; x_wconf 83' lang='lat' dir='ltr'><strong>eoque</strong></span> 
     </span>
     <span class='ocr_line' id='line_1_14' title="bbox 155 1332 1329 1504; baseline 0 -68"><span class='ocrx_word' id='word_1_119' title='bbox 155 1382 283 1504; x_wconf 63' lang='lat' dir='ltr'><strong>pptimae</strong></span> <span class='ocrx_word' id='word_1_120' title='bbox 295 1388 380 1502; x_wconf 48' lang='lat' dir='ltr'><strong>popae</strong></span> <span class='ocrx_word' id='word_1_121' title='bbox 393 1398 467 1500; x_wconf 56' lang='lat' dir='ltr'><strong>spico.</strong></span> <span class='ocrx_word' id='word_1_122' title='bbox 487 1381 558 1501; x_wconf 47' lang='lat' dir='ltr'>XIIX</span> <span class='ocrx_word' id='word_1_123' title='bbox 566 1332 812 1502; x_wconf 52' lang='lat' dir='ltr'><strong>3debscriptatsunt„</strong></span> <span class='ocrx_word' id='word_1_124' title='bbox 842 1380 976 1503; x_wconf 44' lang='lat' dir='ltr'><strong>Ahtemffi</strong></span> <span class='ocrx_word' id='word_1_125' title='bbox 990 1381 1209 1503; x_wconf 58' lang='lat' dir='ltr'><strong>inbbinOtheca</strong></span> <span class='ocrx_word' id='word_1_126' title='bbox 1220 1382 1329 1502; x_wconf 37' lang='lat' dir='ltr'><strong>puge-</strong></span> 
     </span>
     <span class='ocr_line' id='line_1_15' title="bbox 156 1453 1329 1588; baseline -0.001 -17"><span class='ocrx_word' id='word_1_127' title='bbox 156 1467 363 1588; x_wconf 55' lang='lat' dir='ltr'><strong>qualitas.</strong></span> <span class='ocrx_word' id='word_1_128' title='bbox 375 1466 559 1570; x_wconf 50' lang='lat' dir='ltr'><strong>talita</strong></span> <span class='ocrx_word' id='word_1_129' title='bbox 573 1467 670 1570; x_wconf 52' lang='lat' dir='ltr'><strong>aa?</strong></span> <span class='ocrx_word' id='word_1_130' title='bbox 690 1467 792 1570; x_wconf 59' lang='lat' dir='ltr'><strong>titt</strong></span> <span class='ocrx_word' id='word_1_131' title='bbox 805 1453 938 1582; x_wconf 56' lang='lat' dir='ltr'><strong>Aeria,</strong></span> <span class='ocrx_word' id='word_1_132' title='bbox 953 1457 1206 1572; x_wconf 53' lang='lat' dir='ltr'><strong>reaestuat?</strong></span> <span class='ocrx_word' id='word_1_133' title='bbox 1226 1467 1329 1572; x_wconf 54' lang='lat' dir='ltr'><strong>tat}</strong></span> 
     </span>
     <span class='ocr_line' id='line_1_16' title="bbox 155 1583 1330 1654; baseline -0.001 -15"><span class='ocrx_word' id='word_1_134' title='bbox 155 1585 298 1640; x_wconf 88' lang='lat' dir='ltr'><strong>lectiones</strong></span> <span class='ocrx_word' id='word_1_135' title='bbox 331 1602 360 1638; x_wconf 87' lang='lat' dir='ltr'><strong>cr</strong></span> <span class='ocrx_word' id='word_1_136' title='bbox 371 1584 431 1639; x_wconf 91' lang='lat' dir='ltr'><strong>foll.</strong></span> <span class='ocrx_word' id='word_1_137' title='bbox 445 1584 581 1638; x_wconf 89' lang='grc'><strong>121-190</strong></span> <span class='ocrx_word' id='word_1_138' title='bbox 592 1585 711 1654; x_wconf 89' lang='lat' dir='ltr'><strong>praebet</strong></span> <span class='ocrx_word' id='word_1_139' title='bbox 724 1585 853 1654; x_wconf 86' lang='lat' dir='ltr'><strong>optimas.</strong></span> <span class='ocrx_word' id='word_1_140' title='bbox 882 1583 997 1638; x_wconf 86' lang='lat' dir='ltr'><strong>Tertius</strong></span> <span class='ocrx_word' id='word_1_141' title='bbox 1010 1590 1055 1637; x_wconf 89' lang='lat' dir='ltr'><strong>est</strong></span> <span class='ocrx_word' id='word_1_142' title='bbox 1067 1584 1262 1639; x_wconf 84' lang='lat' dir='ltr'><strong>Vaticanus</strong></span> <span class='ocrx_word' id='word_1_143' title='bbox 1279 1585 1330 1638; x_wconf 85' lang='grc'><strong>715</strong></span> 
     </span>
     <span class='ocr_line' id='line_1_17' title="bbox 156 1604 1329 1722; baseline -0.002 -16"><span class='ocrx_word' id='word_1_144' title='bbox 156 1654 225 1706; x_wconf 91' lang='lat' dir='ltr'><strong>inde</strong></span> <span class='ocrx_word' id='word_1_145' title='bbox 244 1670 262 1707; x_wconf 88' lang='lat' dir='ltr'><strong>a</strong></span> <span class='ocrx_word' id='word_1_146' title='bbox 285 1604 354 1706; x_wconf 66' lang='lat' dir='ltr'><strong>folio</strong></span> <span class='ocrx_word' id='word_1_147' title='bbox 368 1651 550 1722; x_wconf 85' lang='lat' dir='ltr'><strong>quaternario</strong></span> <span class='ocrx_word' id='word_1_148' title='bbox 562 1652 710 1709; x_wconf 79' lang='grc'><strong>211-257,</strong></span> <span class='ocrx_word' id='word_1_149' title='bbox 723 1652 919 1706; x_wconf 87' lang='lat' dir='ltr'><strong>membraneus</strong></span> <span class='ocrx_word' id='word_1_150' title='bbox 939 1669 1012 1706; x_wconf 90' lang='lat' dir='ltr'><strong>saec.</strong></span> <span class='ocrx_word' id='word_1_151' title='bbox 1024 1651 1069 1704; x_wconf 93' lang='lat' dir='ltr'><strong>XI</strong></span> <span class='ocrx_word' id='word_1_152' title='bbox 1090 1653 1134 1717; x_wconf 89' lang='lat'><strong>(=</strong></span> <span class='ocrx_word' id='word_1_153' title='bbox 1146 1651 1188 1718; x_wconf 80' lang='grc' dir='ltr'><strong>Ο),</strong></span> <span class='ocrx_word' id='word_1_154' title='bbox 1230 1659 1329 1706; x_wconf 88' lang='lat' dir='ltr'><strong>uartus</strong></span> 
     </span>
     <span class='ocr_line' id='line_1_18' title="bbox 154 1719 1329 1786; baseline -0.002 -12"><span class='ocrx_word' id='word_1_155' title='bbox 154 1721 353 1774; x_wconf 87' lang='lat' dir='ltr'><strong>Vaticanus</strong></span> <span class='ocrx_word' id='word_1_156' title='bbox 365 1720 433 1773; x_wconf 87' lang='lat'>1116</span> <span class='ocrx_word' id='word_1_157' title='bbox 445 1720 512 1774; x_wconf 91' lang='lat' dir='ltr'><strong>inde</strong></span> <span class='ocrx_word' id='word_1_158' title='bbox 525 1737 542 1773; x_wconf 86' lang='lat' dir='ltr'><strong>a</strong></span> <span class='ocrx_word' id='word_1_159' title='bbox 554 1719 602 1775; x_wconf 89' lang='lat' dir='ltr'><strong>fol.</strong></span> <span class='ocrx_word' id='word_1_160' title='bbox 617 1719 766 1774; x_wconf 88' lang='lat' dir='ltr'><strong>dimidiato</strong></span> <span class='ocrx_word' id='word_1_161' title='bbox 780 1719 872 1786; x_wconf 86' lang='lat'>1-38,</span> <span class='ocrx_word' id='word_1_162' title='bbox 885 1721 1081 1774; x_wconf 89' lang='lat' dir='ltr'><strong>membraneus</strong></span> <span class='ocrx_word' id='word_1_163' title='bbox 1094 1736 1168 1774; x_wconf 86' lang='lat' dir='ltr'><strong>saec.</strong></span> <span class='ocrx_word' id='word_1_164' title='bbox 1238 1719 1329 1784; x_wconf 92' lang='lat' dir='ltr'>(=D)</span> 
     </span>
     <span class='ocr_line' id='line_1_19' title="bbox 155 1785 918 1844; baseline 0.003 -2"><span class='ocrx_word' id='word_1_165' title='bbox 155 1805 223 1842; x_wconf 87' lang='lat' dir='ltr'><strong>cum</strong></span> <span class='ocrx_word' id='word_1_166' title='bbox 255 1787 334 1840; x_wconf 92' lang='lat' dir='ltr'><strong>rimis</strong></span> <span class='ocrx_word' id='word_1_167' title='bbox 346 1787 426 1841; x_wconf 79' lang='lat' dir='ltr'><strong>foliis</strong></span> <span class='ocrx_word' id='word_1_168' title='bbox 438 1787 499 1841; x_wconf 88' lang='lat' dir='ltr'><strong>fere</strong></span> <span class='ocrx_word' id='word_1_169' title='bbox 512 1787 618 1841; x_wconf 86' lang='lat' dir='ltr'><strong>exesis:</strong></span> <span class='ocrx_word' id='word_1_170' title='bbox 630 1785 677 1841; x_wconf 92' lang='lat' dir='ltr'><strong>hic</strong></span> <span class='ocrx_word' id='word_1_171' title='bbox 691 1787 741 1842; x_wconf 91' lang='lat' dir='ltr'><strong>illo</strong></span> <span class='ocrx_word' id='word_1_172' title='bbox 755 1789 918 1844; x_wconf 88' lang='lat' dir='ltr'><strong>correctior.</strong></span> 
     </span>
    </p>

    <p class='ocr_par' dir='ltr' id='par_1_5' title="bbox 153 1807 1329 2611">
     <span class='ocr_line' id='line_1_20' title="bbox 226 1807 1329 1926; baseline -0.001 -17"><span class='ocrx_word' id='word_1_173' title='bbox 226 1807 308 1909; x_wconf 39' lang='lat' dir='ltr'><strong>Allis</strong></span> <span class='ocrx_word' id='word_1_174' title='bbox 325 1855 415 1926; x_wconf 86' lang='lat' dir='ltr'><strong>igitur</strong></span> <span class='ocrx_word' id='word_1_175' title='bbox 430 1855 613 1909; x_wconf 87' lang='lat' dir='ltr'><strong>adminiculis</strong></span> <span class='ocrx_word' id='word_1_176' title='bbox 629 1854 711 1908; x_wconf 88' lang='lat' dir='ltr'><strong>hicce</strong></span> <span class='ocrx_word' id='word_1_177' title='bbox 729 1855 803 1909; x_wconf 88' lang='lat' dir='ltr'><strong>liber</strong></span> <span class='ocrx_word' id='word_1_178' title='bbox 819 1855 974 1909; x_wconf 83' lang='lat' dir='ltr'><strong>adornatus</strong></span> <span class='ocrx_word' id='word_1_179' title='bbox 990 1859 1043 1909; x_wconf 85' lang='lat' dir='ltr'><strong>est.</strong></span> <span class='ocrx_word' id='word_1_180' title='bbox 1079 1853 1189 1908; x_wconf 87' lang='lat' dir='ltr'><strong>Addidi</strong></span> <span class='ocrx_word' id='word_1_181' title='bbox 1209 1854 1329 1909; x_wconf 87' lang='lat' dir='ltr'><strong>latinam</strong></span> 
     </span>
     <span class='ocr_line' id='line_1_21' title="bbox 155 1921 1328 2004; baseline -0.002 -26"><span class='ocrx_word' id='word_1_182' title='bbox 155 1922 296 2004; x_wconf 57' lang='lat' dir='ltr'><strong>§melarii</strong></span> <span class='ocrx_word' id='word_1_183' title='bbox 311 1922 469 2002; x_wconf 82' lang='lat' dir='ltr'><strong>versionem</strong></span> <span class='ocrx_word' id='word_1_184' title='bbox 489 1923 650 2002; x_wconf 77' lang='lat' dir='ltr'><strong>sexcenties</strong></span> <span class='ocrx_word' id='word_1_185' title='bbox 670 1928 838 2002; x_wconf 80' lang='lat' dir='ltr'><strong>correctam,</strong></span> <span class='ocrx_word' id='word_1_186' title='bbox 856 1930 987 1993; x_wconf 86' lang='lat' dir='ltr'><strong>exparte</strong></span> <span class='ocrx_word' id='word_1_187' title='bbox 1003 1939 1116 1984; x_wconf 88' lang='lat' dir='ltr'><strong>novam,</strong></span> <span class='ocrx_word' id='word_1_188' title='bbox 1138 1921 1328 2002; x_wconf 78' lang='lat' dir='ltr'><strong>subiunxique</strong></span> 
     </span>
     <span class='ocr_line' id='line_1_22' title="bbox 155 1989 1328 2128; baseline 0 -16"><span class='ocrx_word' id='word_1_189' title='bbox 155 1989 1328 2128; x_wconf 57' lang='grc' dir='ltr'><strong>777ιὲ7222737777772.1273777777222737372</strong></span> 
     </span>
     <span class='ocr_line' id='line_1_23' title="bbox 154 2125 1327 2197; baseline 0 -17"><span class='ocrx_word' id='word_1_190' title='bbox 154 2145 221 2182; x_wconf 85' lang='lat' dir='ltr'><strong>rara</strong></span> <span class='ocrx_word' id='word_1_191' title='bbox 233 2132 290 2190; x_wconf 89' lang='lat' dir='ltr'><strong>est,</strong></span> <span class='ocrx_word' id='word_1_192' title='bbox 302 2143 412 2179; x_wconf 90' lang='lat' dir='ltr'><strong>mecum</strong></span> <span class='ocrx_word' id='word_1_193' title='bbox 426 2142 522 2180; x_wconf 92' lang='lat' dir='ltr'><strong>omnes</strong></span> <span class='ocrx_word' id='word_1_194' title='bbox 536 2125 685 2188; x_wconf 91' lang='lat' dir='ltr'><strong>dolebunt,</strong></span> <span class='ocrx_word' id='word_1_195' title='bbox 706 2126 754 2194; x_wconf 90' lang='lat' dir='ltr'><strong>qui</strong></span> <span class='ocrx_word' id='word_1_196' title='bbox 773 2143 835 2179; x_wconf 89' lang='lat' dir='ltr'><strong>eam</strong></span> <span class='ocrx_word' id='word_1_197' title='bbox 847 2126 1008 2180; x_wconf 86' lang='lat' dir='ltr'><strong>accuratius</strong></span> <span class='ocrx_word' id='word_1_198' title='bbox 1021 2125 1268 2197; x_wconf 86' lang='lat' dir='ltr'><strong>perlustraverint;</strong></span> <span class='ocrx_word' id='word_1_199' title='bbox 1282 2131 1327 2180; x_wconf 89' lang='lat' dir='ltr'><strong>est</strong></span> 
     </span>
     <span class='ocr_line' id='line_1_24' title="bbox 154 2192 1329 2264; baseline 0 -16"><span class='ocrx_word' id='word_1_200' title='bbox 154 2195 233 2249; x_wconf 85' lang='lat' dir='ltr'><strong>enim</strong></span> <span class='ocrx_word' id='word_1_201' title='bbox 246 2193 399 2248; x_wconf 88' lang='lat' dir='ltr'><strong>correctior</strong></span> <span class='ocrx_word' id='word_1_202' title='bbox 410 2211 493 2262; x_wconf 90' lang='lat' dir='ltr'><strong>quam</strong></span> <span class='ocrx_word' id='word_1_203' title='bbox 506 2193 563 2246; x_wconf 89' lang='lat' dir='ltr'><strong>ista</strong></span> <span class='ocrx_word' id='word_1_204' title='bbox 575 2192 712 2247; x_wconf 86' lang='lat' dir='ltr'><strong>Cotelerii</strong></span> <span class='ocrx_word' id='word_1_205' title='bbox 724 2194 767 2247; x_wconf 87' lang='lat' dir='ltr'><strong>ed.</strong></span> <span class='ocrx_word' id='word_1_206' title='bbox 776 2194 892 2248; x_wconf 88' lang='lat' dir='ltr'><strong>Petrum</strong></span> <span class='ocrx_word' id='word_1_207' title='bbox 901 2192 974 2264; x_wconf 86' lang='lat' dir='ltr'><strong>App.</strong></span> <span class='ocrx_word' id='word_1_208' title='bbox 984 2192 1049 2250; x_wconf 86' lang='lat' dir='ltr'><strong>Lut.</strong></span> <span class='ocrx_word' id='word_1_209' title='bbox 1059 2193 1123 2248; x_wconf 91' lang='lat' dir='ltr'><strong>Par.</strong></span> <span class='ocrx_word' id='word_1_210' title='bbox 1134 2193 1201 2246; x_wconf 87' lang='grc'><strong>1672</strong></span> <span class='ocrx_word' id='word_1_211' title='bbox 1232 2193 1329 2248; x_wconf 85' lang='lat' dir='ltr'><strong>Etiam</strong></span> 
     </span>
     <span class='ocr_line' id='line_1_25' title="bbox 155 2259 1328 2330; baseline 0 -14"><span class='ocrx_word' id='word_1_212' title='bbox 155 2261 264 2316; x_wconf 83' lang='lat' dir='ltr'><strong>Clerici</strong></span> <span class='ocrx_word' id='word_1_213' title='bbox 278 2261 367 2315; x_wconf 86' lang='lat' dir='ltr'><strong>editio</strong></span> <span class='ocrx_word' id='word_1_214' title='bbox 380 2259 577 2330; x_wconf 83' lang='lat' dir='ltr'><strong>Antverpiana</strong></span> <span class='ocrx_word' id='word_1_215' title='bbox 588 2278 613 2314; x_wconf 90' lang='lat' dir='ltr'><strong>a.</strong></span> <span class='ocrx_word' id='word_1_216' title='bbox 629 2261 694 2314; x_wconf 87' lang='grc'>1698</span> <span class='ocrx_word' id='word_1_217' title='bbox 708 2267 737 2314; x_wconf 88' lang='lat' dir='ltr'><strong>et</strong></span> <span class='ocrx_word' id='word_1_218' title='bbox 749 2278 774 2315; x_wconf 87' lang='lat' dir='ltr'><strong>a.</strong></span> <span class='ocrx_word' id='word_1_219' title='bbox 787 2261 855 2314; x_wconf 80' lang='lat'>1700</span> <span class='ocrx_word' id='word_1_220' title='bbox 866 2261 955 2315; x_wconf 90' lang='lat' dir='ltr'><strong>multo</strong></span> <span class='ocrx_word' id='word_1_221' title='bbox 972 2263 1065 2315; x_wconf 90' lang='lat' dir='ltr'><strong>minus</strong></span> <span class='ocrx_word' id='word_1_222' title='bbox 1078 2267 1210 2316; x_wconf 89' lang='lat' dir='ltr'><strong>correcta</strong></span> <span class='ocrx_word' id='word_1_223' title='bbox 1222 2269 1279 2326; x_wconf 89' lang='lat' dir='ltr'><strong>est,</strong></span> <span class='ocrx_word' id='word_1_224' title='bbox 1299 2268 1328 2316; x_wconf 85' lang='lat' dir='ltr'><strong>ct</strong></span> 
     </span>
     <span class='ocr_line' id='line_1_26' title="bbox 154 2327 1329 2396; baseline 0.001 -14"><span class='ocrx_word' id='word_1_225' title='bbox 154 2330 268 2384; x_wconf 88' lang='lat' dir='ltr'><strong>mendis</strong></span> <span class='ocrx_word' id='word_1_226' title='bbox 287 2329 346 2382; x_wconf 88' lang='lat' dir='ltr'><strong>fere</strong></span> <span class='ocrx_word' id='word_1_227' title='bbox 370 2328 524 2382; x_wconf 86' lang='lat' dir='ltr'><strong>innumeris</strong></span> <span class='ocrx_word' id='word_1_228' title='bbox 551 2333 645 2382; x_wconf 87' lang='lat' dir='ltr'><strong>scatet</strong></span> <span class='ocrx_word' id='word_1_229' title='bbox 661 2333 758 2382; x_wconf 84' lang='lat' dir='ltr'><strong>textus</strong></span> <span class='ocrx_word' id='word_1_230' title='bbox 778 2329 867 2396; x_wconf 90' lang='lat' dir='ltr'><strong>illius,</strong></span> <span class='ocrx_word' id='word_1_231' title='bbox 905 2345 957 2382; x_wconf 89' lang='lat' dir='ltr'><strong>uae</strong></span> <span class='ocrx_word' id='word_1_232' title='bbox 976 2346 1001 2382; x_wconf 91' lang='lat' dir='ltr'><strong>a.</strong></span> <span class='ocrx_word' id='word_1_233' title='bbox 1018 2329 1086 2383; x_wconf 86' lang='grc'><strong>1724</strong></span> <span class='ocrx_word' id='word_1_234' title='bbox 1103 2327 1329 2384; x_wconf 87' lang='lat' dir='ltr'><strong>Amstclaedami</strong></span> 
     </span>
     <span class='ocr_line' id='line_1_27' title="bbox 153 2395 1328 2468; baseline -0.001 -17"><span class='ocrx_word' id='word_1_235' title='bbox 153 2397 271 2468; x_wconf 88' lang='lat' dir='ltr'><strong>prodiit.</strong></span> <span class='ocrx_word' id='word_1_236' title='bbox 305 2396 399 2460; x_wconf 81' lang='lat' dir='ltr'><strong>Quare</strong></span> <span class='ocrx_word' id='word_1_237' title='bbox 417 2413 474 2450; x_wconf 91' lang='lat' dir='ltr'><strong>non</strong></span> <span class='ocrx_word' id='word_1_238' title='bbox 491 2413 618 2467; x_wconf 89' lang='lat' dir='ltr'><strong>possum,</strong></span> <span class='ocrx_word' id='word_1_239' title='bbox 640 2395 708 2464; x_wconf 92' lang='lat' dir='ltr'><strong>quin</strong></span> <span class='ocrx_word' id='word_1_240' title='bbox 726 2395 856 2450; x_wconf 92' lang='lat' dir='ltr'><strong>Arminio</strong></span> <span class='ocrx_word' id='word_1_241' title='bbox 901 2397 988 2462; x_wconf 88' lang='lat' dir='ltr'><strong>ostio,</strong></span> <span class='ocrx_word' id='word_1_242' title='bbox 1007 2395 1134 2466; x_wconf 90' lang='lat' dir='ltr'><strong>Adolphi</strong></span> <span class='ocrx_word' id='word_1_243' title='bbox 1150 2397 1253 2450; x_wconf 86' lang='lat' dir='ltr'><strong>beatae</strong></span> <span class='ocrx_word' id='word_1_244' title='bbox 1271 2413 1328 2450; x_wconf 90' lang='lat' dir='ltr'><strong>me·</strong></span> 
     </span>
     <span class='ocr_line' id='line_1_28' title="bbox 153 2462 1327 2533; baseline 0 -15"><span class='ocrx_word' id='word_1_245' title='bbox 153 2464 261 2519; x_wconf 87' lang='lat' dir='ltr'><strong>moriae</strong></span> <span class='ocrx_word' id='word_1_246' title='bbox 274 2462 342 2528; x_wconf 91' lang='lat' dir='ltr'><strong>filio,</strong></span> <span class='ocrx_word' id='word_1_247' title='bbox 356 2463 416 2518; x_wconf 91' lang='lat' dir='ltr'><strong>viro</strong></span> <span class='ocrx_word' id='word_1_248' title='bbox 428 2462 631 2517; x_wconf 88' lang='lat' dir='ltr'><strong>honestissimo</strong></span> <span class='ocrx_word' id='word_1_249' title='bbox 643 2463 729 2531; x_wconf 81' lang='lat' dir='ltr'><strong>atque</strong></span> <span class='ocrx_word' id='word_1_250' title='bbox 739 2463 776 2516; x_wconf 90' lang='lat' dir='ltr'><strong>ad</strong></span> <span class='ocrx_word' id='word_1_251' title='bbox 785 2462 887 2529; x_wconf 83' lang='lat' dir='ltr'><strong>omnia,</strong></span> <span class='ocrx_word' id='word_1_252' title='bbox 902 2480 974 2533; x_wconf 88' lang='lat' dir='ltr'><strong>quae</strong></span> <span class='ocrx_word' id='word_1_253' title='bbox 984 2463 1082 2517; x_wconf 89' lang='lat' dir='ltr'><strong>literas</strong></span> <span class='ocrx_word' id='word_1_254' title='bbox 1092 2464 1188 2516; x_wconf 89' lang='lat' dir='ltr'><strong>iuvare</strong></span> <span class='ocrx_word' id='word_1_255' title='bbox 1198 2470 1327 2532; x_wconf 86' lang='lat' dir='ltr'><strong>possunt,</strong></span> 
     </span>
     <span class='ocr_line' id='line_1_29' title="bbox 154 2529 1328 2611; baseline -0.002 -25"><span class='ocrx_word' id='word_1_256' title='bbox 154 2531 260 2586; x_wconf 87' lang='lat' dir='ltr'><strong>studiis</strong></span> <span class='ocrx_word' id='word_1_257' title='bbox 277 2533 335 2586; x_wconf 94' lang='lat' dir='ltr'><strong>suis</strong></span> <span class='ocrx_word' id='word_1_258' title='bbox 352 2531 563 2602; x_wconf 91' lang='lat' dir='ltr'><strong>promptissimo</strong></span> <span class='ocrx_word' id='word_1_259' title='bbox 581 2529 691 2611; x_wconf 77' lang='lat' dir='ltr'><strong>gratias</strong></span> <span class='ocrx_word' id='word_1_260' title='bbox 708 2547 804 2600; x_wconf 86' lang='lat' dir='ltr'><strong>agam,</strong></span> <span class='ocrx_word' id='word_1_261' title='bbox 820 2536 853 2582; x_wconf 91' lang='lat' dir='ltr'><strong>ut</strong></span> <span class='ocrx_word' id='word_1_262' title='bbox 874 2536 921 2584; x_wconf 89' lang='lat' dir='ltr'><strong>ote</strong></span> <span class='ocrx_word' id='word_1_263' title='bbox 938 2530 987 2600; x_wconf 93' lang='lat' dir='ltr'><strong>qui</strong></span> <span class='ocrx_word' id='word_1_264' title='bbox 999 2531 1035 2586; x_wconf 90' lang='lat' dir='ltr'><strong>cl.</strong></span> <span class='ocrx_word' id='word_1_265' title='bbox 1048 2529 1264 2584; x_wconf 85' lang='lat' dir='ltr'><strong>Tischendorfio</strong></span> <span class='ocrx_word' id='word_1_266' title='bbox 1277 2531 1328 2584; x_wconf 91' lang='lat' dir='ltr'><strong>im·</strong></span> 
     </span>
    </p>

    <p class='ocr_par' dir='ltr' id='par_1_6' title="bbox 152 2548 1328 2943">
     <span class='ocr_line' id='line_1_30' title="bbox 175 2548 1327 2667; baseline 0 -15"><span class='ocrx_word' id='word_1_267' title='bbox 175 2599 270 2654; x_wconf 87' lang='lat' dir='ltr'><strong>ulsore</strong></span> <span class='ocrx_word' id='word_1_268' title='bbox 288 2599 346 2652; x_wconf 91' lang='lat' dir='ltr'><strong>suis</strong></span> <span class='ocrx_word' id='word_1_269' title='bbox 364 2599 401 2652; x_wconf 92' lang='lat' dir='ltr'><strong>im</strong></span> <span class='ocrx_word' id='word_1_270' title='bbox 423 2598 500 2652; x_wconf 89' lang='lat' dir='ltr'><strong>ensis</strong></span> <span class='ocrx_word' id='word_1_271' title='bbox 518 2598 673 2652; x_wconf 87' lang='lat' dir='ltr'><strong>editronem</strong></span> <span class='ocrx_word' id='word_1_272' title='bbox 690 2599 782 2650; x_wconf 89' lang='lat' dir='ltr'><strong>utrius</strong></span> <span class='ocrx_word' id='word_1_273' title='bbox 803 2614 837 2651; x_wconf 90' lang='lat' dir='ltr'><strong>ue</strong></span> <span class='ocrx_word' id='word_1_274' title='bbox 852 2548 1093 2652; x_wconf 61' lang='lat' dir='ltr'><strong>dlementinorum</strong></span> <span class='ocrx_word' id='word_1_275' title='bbox 1105 2597 1252 2667; x_wconf 87' lang='lat' dir='ltr'><strong>Epitomes</strong></span> <span class='ocrx_word' id='word_1_276' title='bbox 1270 2616 1327 2652; x_wconf 91' lang='lat' dir='ltr'><strong>mo-</strong></span> 
     </span>
     <span class='ocr_line' id='line_1_31' title="bbox 152 2613 1327 2746; baseline 0 -26"><span class='ocrx_word' id='word_1_277' title='bbox 152 2619 222 2721; x_wconf 72' lang='lat' dir='ltr'><strong>dico</strong></span> <span class='ocrx_word' id='word_1_278' title='bbox 233 2667 325 2736; x_wconf 90' lang='lat' dir='ltr'><strong>pretio</strong></span> <span class='ocrx_word' id='word_1_279' title='bbox 338 2617 521 2736; x_wconf 63' lang='lat' dir='ltr'><strong>parabilemt</strong></span> <span class='ocrx_word' id='word_1_280' title='bbox 539 2666 586 2746; x_wconf 89' lang='lat' dir='ltr'><strong>pis</strong></span> <span class='ocrx_word' id='word_1_281' title='bbox 604 2665 668 2719; x_wconf 83' lang='lat' dir='ltr'><strong>evul</strong></span> <span class='ocrx_word' id='word_1_282' title='bbox 691 2682 738 2719; x_wconf 84' lang='lat' dir='ltr'><strong>are</strong></span> <span class='ocrx_word' id='word_1_283' title='bbox 755 2613 886 2720; x_wconf 59' lang='lat' dir='ltr'><strong>voluerit.</strong></span> <span class='ocrx_word' id='word_1_284' title='bbox 922 2664 970 2719; x_wconf 86' lang='lat' dir='ltr'><strong>Sic</strong></span> <span class='ocrx_word' id='word_1_285' title='bbox 987 2663 1181 2732; x_wconf 72' lang='lat' dir='ltr'><strong>clementina,</strong></span> <span class='ocrx_word' id='word_1_286' title='bbox 1219 2682 1273 2720; x_wconf 87' lang='lat' dir='ltr'><strong>uae</strong></span> <span class='ocrx_word' id='word_1_287' title='bbox 1290 2665 1327 2720; x_wconf 94' lang='lat' dir='ltr'><strong>ob</strong></span> 
     </span>
     <span class='ocr_line' id='line_1_32' title="bbox 153 2680 1328 2804; baseline -0.001 -16"><span class='ocrx_word' id='word_1_288' title='bbox 153 2733 273 2788; x_wconf 91' lang='lat' dir='ltr'><strong>nimium</strong></span> <span class='ocrx_word' id='word_1_289' title='bbox 285 2733 401 2788; x_wconf 90' lang='lat' dir='ltr'><strong>Patrum</strong></span> <span class='ocrx_word' id='word_1_290' title='bbox 413 2735 486 2804; x_wconf 90' lang='lat' dir='ltr'><strong>App.</strong></span> <span class='ocrx_word' id='word_1_291' title='bbox 500 2685 657 2788; x_wconf 83' lang='lat' dir='ltr'><strong>edrtionum</strong></span> <span class='ocrx_word' id='word_1_292' title='bbox 670 2682 809 2788; x_wconf 66' lang='lat' dir='ltr'><strong>dotelerii</strong></span> <span class='ocrx_word' id='word_1_293' title='bbox 827 2743 857 2788; x_wconf 86' lang='lat' dir='ltr'><strong>et</strong></span> <span class='ocrx_word' id='word_1_294' title='bbox 874 2732 980 2788; x_wconf 83' lang='lat' dir='ltr'><strong>Clerici</strong></span> <span class='ocrx_word' id='word_1_295' title='bbox 997 2733 1119 2804; x_wconf 91' lang='lat' dir='ltr'><strong>pretium</strong></span> <span class='ocrx_word' id='word_1_296' title='bbox 1138 2750 1156 2786; x_wconf 92' lang='lat' dir='ltr'><strong>a</strong></span> <span class='ocrx_word' id='word_1_297' title='bbox 1170 2680 1254 2789; x_wconf 71' lang='lat' dir='ltr'><strong>ndbis</strong></span> <span class='ocrx_word' id='word_1_298' title='bbox 1271 2733 1328 2788; x_wconf 90' lang='lat' dir='ltr'><strong>iam</strong></span> 
     </span>
     <span class='ocr_line' id='line_1_33' title="bbox 153 2799 1327 2872; baseline 0.003 -17"><span class='ocrx_word' id='word_1_299' title='bbox 153 2817 247 2872; x_wconf 85' lang='lat' dir='ltr'><strong>paene</strong></span> <span class='ocrx_word' id='word_1_300' title='bbox 260 2803 418 2868; x_wconf 84' lang='lat' dir='ltr'><strong>exularunt,</strong></span> <span class='ocrx_word' id='word_1_301' title='bbox 431 2803 461 2854; x_wconf 93' lang='lat' dir='ltr'><strong>in</strong></span> <span class='ocrx_word' id='word_1_302' title='bbox 470 2801 627 2855; x_wconf 84' lang='lat' dir='ltr'><strong>utilitatem</strong></span> <span class='ocrx_word' id='word_1_303' title='bbox 637 2807 667 2855; x_wconf 88' lang='lat' dir='ltr'><strong>et</strong></span> <span class='ocrx_word' id='word_1_304' title='bbox 675 2799 905 2857; x_wconf 88' lang='lat' dir='ltr'><strong>aedificationem</strong></span> <span class='ocrx_word' id='word_1_305' title='bbox 915 2819 1056 2856; x_wconf 87' lang='lat' dir='ltr'><strong>sacrarum</strong></span> <span class='ocrx_word' id='word_1_306' title='bbox 1065 2801 1210 2857; x_wconf 86' lang='lat' dir='ltr'><strong>literarum</strong></span> <span class='ocrx_word' id='word_1_307' title='bbox 1219 2801 1327 2858; x_wconf 83' lang='lat' dir='ltr'><strong>studio·</strong></span> 
     </span>
     <span class='ocr_line' id='line_1_34' title="bbox 154 2867 943 2943; baseline 0.003 -21"><span class='ocrx_word' id='word_1_308' title='bbox 154 2869 196 2922; x_wconf 90' lang='lat' dir='ltr'><strong>sis</strong></span> <span class='ocrx_word' id='word_1_309' title='bbox 209 2867 270 2924; x_wconf 86' lang='lat' dir='ltr'><strong>fore</strong></span> <span class='ocrx_word' id='word_1_310' title='bbox 281 2874 314 2922; x_wconf 90' lang='lat' dir='ltr'><strong>ut</strong></span> <span class='ocrx_word' id='word_1_311' title='bbox 326 2870 417 2940; x_wconf 89' lang='lat' dir='ltr'><strong>magis</strong></span> <span class='ocrx_word' id='word_1_312' title='bbox 430 2870 613 2924; x_wconf 87' lang='lat' dir='ltr'><strong>innotescant</strong></span> <span class='ocrx_word' id='word_1_313' title='bbox 627 2886 710 2940; x_wconf 90' lang='lat' dir='ltr'><strong>spero</strong></span> <span class='ocrx_word' id='word_1_314' title='bbox 723 2869 814 2940; x_wconf 92' lang='lat' dir='ltr'><strong>iisque</strong></span> <span class='ocrx_word' id='word_1_315' title='bbox 826 2886 943 2943; x_wconf 84' lang='lat' dir='ltr'><strong>auguro.</strong></span> 
     </span>
    </p>
   </div>
   <div class='ocr_carea' id='block_1_5' title="bbox 224 3019 831 3077">
    <p class='ocr_par' dir='ltr' id='par_1_7' title="bbox 224 3019 831 3077">
     <span class='ocr_line' id='line_1_35' title="bbox 224 3019 831 3077; baseline 0 -3"><span class='ocrx_word' id='word_1_316' title='bbox 224 3019 389 3074; x_wconf 86' lang='lat' dir='ltr'><strong>Scribebam</strong></span> <span class='ocrx_word' id='word_1_317' title='bbox 401 3019 508 3074; x_wconf 83' lang='lat' dir='ltr'><strong>Romae</strong></span> <span class='ocrx_word' id='word_1_318' title='bbox 522 3021 547 3073; x_wconf 94' lang='lat' dir='ltr'><strong>d.</strong></span> <span class='ocrx_word' id='word_1_319' title='bbox 561 3021 602 3077; x_wconf 90' lang='grc'><strong>29.</strong></span> <span class='ocrx_word' id='word_1_320' title='bbox 615 3021 745 3076; x_wconf 85' lang='lat' dir='ltr'><strong>Januarii</strong></span> <span class='ocrx_word' id='word_1_321' title='bbox 758 3021 831 3076; x_wconf 80' lang='lat'>1859.</span> 
     </span>
    </p>
   </div>
   <div class='ocr_carea' id='block_1_6' title="bbox 0 0 1562 4896">
    <p class='ocr_par' dir='ltr' id='par_1_8' title="bbox 0 0 1562 4896">
     <span class='ocr_line' id='line_1_36' title="bbox 0 0 1562 4896; baseline 0 2"><span class='ocrx_word' id='word_1_322' title='bbox 0 0 1562 4896; x_wconf 95' lang='lat' dir='ltr'><strong> </strong></span> 
     </span>
    </p>
   </div>
  </div>
 </body>
</html>
