3126 4894
341 393 387 442 AD
400 393 598 443 CLEMENTIS
613 392 696 442 ROM.
711 393 804 448 QUAE
815 394 893 442 FER.
907 393 1082 442 HOMILIAS.
1236 377 1298 442 253

130 548 230 596 πατεῖν
247 544 277 592 et
288 538 399 608 χωλοὺς
414 539 544 605 ἀνορθοῖ,
563 539 622 593 vel:
641 539 732 612 ὀρθοῖ,
746 541 830 608 juxta
842 539 937 608 posita
949 556 1012 593 esse
1025 556 1081 593 non
1117 555 1195 607 osse,
1213 557 1298 610 quum

128 623 214 662 voces
234 605 350 667 κολλοὺς
371 612 400 660 et
423 605 534 675 χωλοὺς
552 605 672 660 cundem
693 606 886 678 significatum
907 605 1052 660 habeant?
1117 614 1130 660 t
1149 624 1206 662 non
1227 609 1298 662 satis

129 676 238 740 elucet,
251 680 344 726 utrum
356 679 483 742 praestet
496 673 633 728 scribere:
656 674 771 736 πολλοὺς
788 684 963 743 περιπατεῖν,
984 692 1033 728 an:
1053 673 1164 744 χωλοὺς
1179 675 1300 755 ἀνορθοῖ

129 743 174 796 vel
190 743 285 813 ὀρθοῖ,
308 757 393 810 quum
410 741 577 809 praesertim
593 739 669 810 Epit.
690 741 766 811 prior
781 742 934 796 lectionem
951 741 1084 796 exhibeat
1101 759 1116 796 e
1141 741 1217 795 binis
1239 742 1297 796 illis

129 807 304 864 dictionibus
318 807 485 862 conflatam:
500 809 610 878 χωλοὺς
625 817 799 879 περιπατεῖν.
815 841 849 849 -
865 809 894 864 V.
908 811 924 862 2
942 826 1040 862 vocem
1059 816 1163 880 σωροί,
1183 826 1254 879 quae
1268 809 1297 863 in

129 878 191 931 cod.
213 875 245 928 C.
263 881 293 930 et
310 875 371 929 cod.
389 873 419 930 Ο.
438 876 576 945 reperitur
591 881 657 944 post
673 881 784 946 λεπροί,
806 876 941 930 omittunt
960 876 1153 946 Epitomarum
1175 877 1297 932 codices.

129 944 190 998 Nec
208 943 327 996 dubium
345 959 408 996 esse
424 949 534 1012 potest,
553 945 621 1013 quin
638 942 804 997 alterutrum
821 944 990 998 vocabulum
1007 943 1087 998 furca
1099 945 1137 997 sit
1154 945 1297 1014 expellen-

129 1013 201 1066 dum.
227 1009 284 1064 Sed
297 1027 353 1062 non
365 1009 565 1064 affirmaverim
596 1029 626 1064 ro
640 1017 727 1076 certo,
741 1011 909 1091 scripturam
922 1017 1021 1081 λεπροὶ
1033 1011 1221 1081 antiquiorem
1234 1029 1298 1068 esse

128 1079 227 1133 altera.
247 1109 271 1117 ο
294 1075 328 1130 V.
341 1079 358 1130 5
371 1077 431 1130 cod.
445 1075 476 1132 Ο,
491 1084 520 1131 et
533 1030 614 1132 cciiii.
631 1075 707 1148 Epit.
726 1079 843 1132 alterius
861 1079 1029 1145 ostendunt,
1046 1079 1129 1133 binas
1151 1080 1297 1135 exstitisse

129 1145 284 1226 lectiones:
299 1149 446 1224 paltwſtr
456 1152 500 1200 καὶ
512 1153 680 1224 βεβαιοτέρα,
699 1152 742 1226 etg
755 1151 1038 1226 pdttov'flsflnrortpoe.
1063 1145 1210 1200 Alterutra
1225 1148 1296 1200 reci·

130 1213 236 1284 pianda
249 1218 309 1266 erat
322 1230 351 1264 rn
360 1211 435 1280 Eprt.
450 1212 567 1266 alterius
582 1212 611 1268 C.
623 1214 678 1280 V13
692 1219 722 1268 at
734 1215 794 1279 rlla,
807 1220 839 1267 ut
848 1214 969 1280 videtur,
982 1212 1175 1282 praeferenda.
1188 1244 1221 1252 -
1233 1213 1268 1268 V.
1282 1214 1297 1266 7

128 1299 178 1402 pro
192 1280 225 1336 τὸ
238 1286 291 1343 τίς,
304 1279 380 1348 qnod
393 1279 479 1332 etiam
492 1281 521 1332 in
534 1281 594 1335 cod.
608 1281 642 1336 V.
659 1281 735 1351 Epit.
749 1282 798 1334 Dr.
815 1281 967 1360 reperitur,
985 1281 1045 1333 cod.
1059 1278 1090 1333 Ο.
1105 1286 1134 1333 et
1146 1280 1207 1334 cod.
1221 1279 1296 1334 Mon.

153 1349 204 1418 pit.
218 1347 337 1401 alterius
349 1347 500 1426 praebent:
519 1370 567 1408 τις.
604 1347 769 1404 Sententiae
781 1365 837 1402 non
850 1365 942 1400 minus
973 1365 1038 1400 uam
1055 1346 1171 1417 linguae
1183 1346 1297 1426 legibus

129 1415 309 1470 satisfactum
322 1420 385 1480 erit,
399 1432 423 1466 sr
436 1414 596 1483 scripseris:
609 1449 642 1456 -
656 1422 790 1484 σκέψεως,
804 1422 845 1477 τές
857 1421 924 1468 cett.
954 1365 1011 1468 iet
1023 1430 1077 1484 ego
1089 1413 1166 1467 haud
1178 1431 1247 1481 scio,
1260 1432 1298 1469 an

128 1483 322 1554 reponendum
335 1481 386 1534 sit:
399 1513 432 1521 —
445 1488 570 1548 σκέψεως
583 1490 629 1544 εἰς
642 1482 681 1543 τό,
695 1490 736 1544 τίς
748 1487 814 1536 cett.
844 1481 935 1535 Favet
946 1480 1012 1534 huic
1026 1483 1208 1550 conjecturae¹
1219 1482 1295 1551 quod

128 1553 158 1606 in
169 1551 246 1620 Epit.
272 1549 355 1603 rioris
367 1547 454 1602 QVI.
467 1549 599 1618 scriptum
613 1550 731 1622 legitur:
744 1581 778 1589 -
791 1555 916 1620 σκέψεως
924 1551 1001 1604 ἕνεκα
1009 1548 1041 1602 τὸ
1054 1557 1094 1609 τίς
1104 1553 1171 1602 cett.
1182 1580 1216 1588 —
1232 1567 1297 1603 nam

129 1619 181 1674 hoc
194 1568 272 1671 nihii
279 1616 358 1695 aliud
370 1621 414 1670 est
427 1633 522 1685 quam:
544 1619 622 1674 ἕνεκα
640 1621 706 1682 τοῦ,
725 1625 766 1678 τές
784 1622 850 1670 cett.
868 1647 916 1682 -,
933 1616 994 1668 nisi
1010 1615 1073 1684 quis
1091 1614 1164 1670 forte
1182 1617 1295 1671 credere

129 1686 246 1752 mavult,
259 1684 313 1738 hoc
327 1700 418 1753 1psum
431 1684 791 1754 ascriptoreHomiliarum
801 1683 925 1753 positum
936 1700 1007 1738 esse.
1017 1714 1051 1722 -
1060 1681 1093 1738 V.
1102 1684 1134 1736 12
1147 1683 1176 1736 in
1188 1684 1296 1738 verbis:

129 1755 175 1810 ἐὰν
188 1754 222 1809 τὰ
233 1751 302 1808 κατὰ
309 1751 424 1823 γνώιιην
434 1755 484 1806 τοῦ
494 1758 662 1823 πέμψαντος
670 1751 756 1806 αὐτὸν
766 1751 871 1822 πατρὸς
879 1751 1027 1820 βιώσωσιν,
1043 1750 1103 1804 cod.
1115 1749 1148 1803 O.
1160 1750 1236 1820 Epit.
1246 1751 1296 1804 Dr.

130 1821 237 1876 omittit
254 1805 424 1873 vocabulum
442 1818 485 1883 τὰ,
508 1820 584 1888 quod
600 1819 737 1874 Davisius
754 1818 907 1872 delendum
929 1835 992 1872 esse
1013 1823 1170 1872 censuerat.
1205 1818 1297 1882 Quum

130 1889 203 1959 Epit.
215 1887 295 1958 prior
316 1886 467 1956 praebeat:
487 1885 518 1941 τὰ
529 1887 597 1943 κατὰ
607 1887 722 1962 γνώμην
734 1918 765 1925 -
779 1885 934 1959 πράξωσιν,
954 1885 1058 1956 aliquis
1079 1885 1224 1954 conjiciat,
1245 1903 1296 1955 pro

131 1955 272 2026 βιώσωσιν
294 1954 429 2024 scriptum
454 1953 557 2008 brisso:
580 1955 780 2023 ποιήσωσιν.
825 1953 903 2018 Quae
931 1953 1070 2022 scriptura
1094 1958 1126 2005 ut
1154 1953 1298 2006 exstiterit

130 2021 283 2094 aliquando
297 2021 327 2074 in
338 2039 394 2075 uno
407 2038 442 2074 ex
454 2020 627 2092 archetypis,
640 2028 670 2075 at
683 2027 819 2091 praestat,
839 2021 951 2091 opinor,
968 2022 1095 2090 recipere
1108 2020 1197 2086 illam,
1210 2020 1297 2074 etiam

129 2097 292 2162 propterea,
306 2089 381 2158 quod
391 2089 488 2158 paullo
501 2089 583 2156 infra,
595 2109 620 2142 v.
636 2089 681 2155 16,
701 2089 731 2142 in
747 2089 877 2143 omnibus
896 2088 977 2142 libris
995 2089 1049 2142 scr'
1072 2095 1174 2142 tumre
1196 2089 1297 2142 eritur:

129 2159 175 2216 ἐὰν
186 2191 221 2199 -
232 2157 301 2212 κατὰ
313 2157 363 2225 τὴν
374 2159 460 2212 αὐτοῦ
471 2157 604 2226 βούλησιν
615 2157 740 2226 βιώσητε.
756 2188 788 2196 -
806 2156 841 2212 V.
854 2156 887 2209 17
906 2174 969 2210 cum
983 2107 1152 2226 coddiEpit.
1195 2175 1215 2212 r.
1230 2155 1297 2211 scri-

128 2227 322 2281 bendnmest:
360 2225 496 2296 ενόμενοι.

195 2294 226 2347 Ρ.
241 2292 284 2358 31,
299 2291 331 2345 14
340 2247 412 2345 baec
425 2291 504 2345 edita
517 2292 664 2363 leguntur:
684 2297 770 2364 πέρας
781 2295 851 2361 γοῦν
864 2289 1021 2358 συννοήσας
1032 2281 1089 2345 ὧδέ
1100 2312 1169 2345 ποτε
1183 2292 1233 2358 τὴν
1248 2295 1299 2346 τοῦ

128 2369 189 2432 βίον
202 2359 299 2434 φύσιν,
313 2359 356 2414 ὅτι
368 2362 462 2414 ἐλπίδι
475 2363 618 2415 ἐκπλοκῶν
631 2359 695 2419 τοὺς
708 2359 883 2419 σπεύδοντας
895 2361 958 2413 &aad
965 2357 1038 2422 νεύει,
1057 2359 1090 2413 οὐ
1103 2357 1161 2430 μὴν
1174 2357 1297 2413 ἀλλὰκαὶ

130 2430 162 2485 ὅν
175 2449 246 2483 ποτε
259 2425 423 2494 ελσεκλάπην
436 2426 544 2497 χρόνον
561 2430 655 2482 ἐλπίσι
671 2424 844 2496 ιλονούμενος
862 2429 929 2478 cett.
1003 2442 1019 2478 o
1037 2425 1177 2494 scriptura
1191 2424 1250 2478 cod.
1266 2423 1297 2478 C.

129 2504 158 2550 et
179 2495 216 2549 0:
246 2494 261 2550 ὁ
284 2494 318 2560 δή
340 2515 419 2557 ποτε,
440 2509 475 2547 ex
514 2511 551 2548 ua
571 2511 588 2547 a
605 2492 725 2546 Davisio
742 2497 910 2546 correctum:
933 2483 991 2548 ὦσέ
1010 2513 1092 2554 ποτε,
1115 2491 1176 2546 nod.
1197 2491 1296 2547 orient⁸

129 2561 327 2618 Tiscbendorf.
344 2566 373 2614 et
391 2560 472 2614 codd.
490 2511 566 2640 iipit.
584 2561 633 2616 Dr.
650 2559 802 2629 praebent:
822 2558 960 2627 ὡδήποτε.
996 2559 1060 2613 Νοα
1072 2560 1146 2613 male
1159 2558 1297 2612 Tiscben-

129 2630 248 2684 dorfius:
268 2630 403 2692 ὠὸίποτε,
423 2629 498 2698 quod
515 2647 523 2680 ι
546 2646 607 2680 sum
624 2634 668 2681 est
686 2628 716 2680 iu
728 2627 789 2680 cod.
802 2626 877 2682 Mon.
890 2626 1004 2680 Deinde
1022 2631 1177 2688 έκπλοκών,
1190 2632 1222 2679 ut
1235 2626 1296 2680 cod.

129 2695 169 2764 0,
182 2697 291 2751 habent
303 2695 390 2750 etiam
407 2696 488 2751 codd.
533 2696 583 2765 pit.
601 2695 650 2748 Dr.
688 2693 793 2748 Contra
810 2694 869 2748 cod.
888 2694 987 2749 orient.
1006 2693 1202 2749 Tiscbendorf.
1218 2710 1297 2762 prae·

129 2766 192 2820 bet:
212 2768 370 2834 εμπλοκων.
405 2762 507 2817 Lectio
520 2768 668 2836 ἐμπλοκῶν
681 2763 778 2816 deberi
791 2762 942 2816 correctori
956 2761 1081 2827 videtur,
1094 2761 1143 2831 qui
1156 2764 1298 2816 ἓκπλοκιιῖν

129 2851 191 2887 cum
204 2835 298 2887 ἐλπλιλι
311 2831 437 2885 construi
449 2848 504 2884 non
517 2847 601 2901 posse
617 2830 807 2901 intelligeret,
826 2847 881 2899 qua
898 2829 961 2900 ipsa
975 2831 1009 2882 de
1022 2846 1123 2883 caussa
1138 2827 1297 2882 Cotelerius

130 2904 278 2962 ένπλέκων,
292 2914 363 2968 quae
377 2898 517 2968 scriptura
529 2903 574 2952 est
587 2898 647 2952 cod.
662 2896 702 2964 C,
716 2898 836 2952 mutavit
849 2898 878 2950 in
892 2901 1045 2968 ἐμπλέκων.
1064 2895 1152 2967 Atqui
1165 2894 1297 2978 equidem

128 2982 300 3038 magnopere
324 2964 437 3019 offendo
458 2966 488 3019 in
512 2965 652 3021 dictione:
680 2968 775 3020 ἰλπίιλι
804 2969 960 3038 ἐμπλέκων,
992 2964 1052 3018 vel:
1078 2969 1239 3036 ἐμπλοκων,
1265 2969 1297 3017 ut

129 3041 254 3100 taceam,
273 3037 431 3105 λμπλοκων,
453 3039 485 3086 ut
502 3036 656 3097 ἐκπλοκών,
679 3032 783 3087 formas
802 3050 879 3099 esse,
902 3033 977 3103 quod
994 3050 1048 3104 ego
1070 3032 1183 3103 quidem
1199 3032 1296 3097 sciam,

128 3103 242 3157 omnino
269 3101 390 3172 ignotas.
424 3100 528 3154 Procul
555 3101 641 3155 dubio
672 3101 854 3154 scribendum
864 3107 933 3154 Test:
958 3104 1162 3156 ἐκκλέπτων.
1196 3099 1298 3154 Altera

130 3170 269 3240 scriptura
286 3167 358 3221 nihil
375 3167 454 3221 aliud
471 3177 514 3222 est
532 3185 628 3238 quam:
652 3171 838 3223 ἐκκλοπων.
874 3167 953 3230 Quae
976 3174 1130 3248 sequuntur
1145 3167 1244 3220 verba:
1264 3167 1298 3220 οὐ

129 3239 186 3310 μὴν
199 3242 278 3302 cett,
291 3235 414 3290 nondum
427 3253 489 3290 esse
502 3235 537 3289 de
549 3235 652 3290 mendo
664 3233 819 3304 postulata,
833 3239 877 3287 est
890 3234 965 3302 quod
981 3234 1097 3287 mireris.
1132 3233 1173 3288 Ut
1185 3234 1220 3287 de
1232 3233 1297 3286 reli·

130 3307 192 3375 quis
205 3310 333 3370 taceam,
352 3319 423 3371 quae
441 3303 489 3355 vix
507 3308 626 3372 possunt
642 3301 830 3372 probabiliter
845 3300 1003 3365 emendari,
1020 3300 1106 3353 verbo
1124 3305 1298 3355 ελσκλέπτειν

130 3373 178 3443 qui
193 3389 263 3426 usus
281 3371 365 3437 sit,e
388 3370 531 3423 onnllum
546 3371 620 3424 novi.
656 3369 807 3423 Pnaeterea
829 3366 1004 3438 significatio
1043 3366 1243 3435 raepositionis
1260 3373 1299 3428 ελς

129 3445 244 3495 nonest
256 3444 324 3508 apta
385 3437 634 3490 rescribendum
653 3436 777 3490 videtur:
797 3435 979 3504 ἐξεκλάπην.
1009 3385 1296 3497 ffuadrathocvoca-

129 3507 227 3561 bulum
248 3505 354 3576 optime
375 3524 392 3560 a
431 3505 546 3558 verbum
570 3509 737 3565 ἐκκλέπτων,
779 3502 837 3556 uod
853 3502 949 3572 paullo
972 3517 1055 3570 supra
1075 3500 1109 3554 de
1131 3502 1296 3570 conjectura

128 3575 312 3629 restituimus.
330 3607 362 3614 -
381 3572 414 3628 V.
432 3572 465 3625 18
481 3572 569 3626 etiam
585 3571 701 3626 coddE
724 3571 753 3624 it.
795 3588 816 3623 r.
829 3569 968 3639 praebent
981 3571 1031 3624 τὸν
1048 3574 1114 3622 ante
1133 3574 1244 3642 λιμένα,
1265 3573 1298 3622 ut

128 3643 204 3713 Epit.
217 3641 301 3711 prior.
316 3647 345 3694 et
357 3641 417 3694 cod.
432 3638 471 3705 C,
485 3651 569 3709 quem
582 3639 662 3709 sequi
675 3639 709 3693 de
732 3638 799 3692 ebat
810 3636 982 3692 Dresselius.

195 3709 227 3764 P.
244 3709 320 3774 3·2‚5
340 3713 458 3778 uterque
480 3708 541 3761 cod.
558 3707 609 3776 Ep.
627 3706 743 3760 alterius
760 3712 806 3761 καὶ
822 3711 889 3760 ante
911 3703 985 3776 παρὰ
1005 3721 1062 3757 non
1081 3703 1169 3758 habet
1194 3708 1224 3757 et
1247 3721 1297 3774 pro

129 3778 258 3834 κάκεῖθεν
269 3775 403 3846 porrigit:
422 3780 542 3838 lassare,
559 3791 631 3844 quae
648 3774 742 3827 variae
759 3773 900 3827 lectiones
917 3790 973 3826 non
990 3787 1057 3824 sane
1070 3771 1207 3842 indignae
1221 3777 1296 3837 sunt,

129 3845 166 3898 ad
178 3861 249 3914 quas
261 3843 384 3898 animum
397 3842 544 3908 attendas,
562 3842 755 3895 multominus
768 3841 868 3907 etiam,
888 3841 962 3910 quod
974 3857 999 3892 v.
1014 3839 1046 3890 10
1062 3838 1092 3891 in
1104 3839 1206 3892 iisdem
1218 3838 1298 3892 libris

128 3927 219 3981 aeque
236 3916 321 3982 atque
338 3910 367 3962 in
380 3910 456 3981 Epit.
468 3909 560 3979 priore
572 3927 623 3979 pro
639 3907 778 3963 vocabulo
788 3908 923 3982 Ἐβραῖος,
938 3905 1012 4026 qpod
1024 3905 1072 3957 vix
1084 3922 1118 3958 ac
1130 3922 1165 3960 ne
1178 3905 1229 3983 vix·
1237 3904 1297 3973 qui·

129 3979 193 4034 dem
206 3978 273 4032 ferri
284 3983 389 4048 potest,
403 3977 538 4047 scriptum
553 3977 709 4030 invenitur:
724 3983 822 4048 τίμιος.
839 4005 872 4014 -
888 3974 921 4028 V.
938 3981 947 4026 l
987 3988 1055 4025 sane
1072 3973 1204 4026 mendum
1221 3977 1297 4024 ruest

129 4047 158 4100 in
170 4046 280 4100 verbis:
293 4045 436 4120 μάρτυρας
449 4048 505 4102 τοῖν
518 4045 563 4100 ὑπ’
578 4046 664 4110 αὐτοῦ
676 4049 703 4097 λε
724 4049 834 4115 ομένων
846 4047 1012 4112 θαυμασίων
1025 4045 1110 4093 τεκαὶ
1123 4038 1228 4110 λόγων,
1246 4037 1297 4091 sed

128 4131 185 4168 non
203 4112 346 4168 satisfacit
363 4113 521 4178 medicina,
539 4129 622 4182 quam
634 4116 697 4164 attu
709 4111 732 4163 it
744 4109 895 4173 Davisius,
912 4125 961 4177 pro
974 4111 1133 4177 λεγομένων
1145 4106 1171 4159 le
1194 4105 1297 4158 endum

129 4198 207 4268 eque:
225 4188 399 4254 γενομένων,
422 4180 584 4234 arbitratus.
615 4177 722 4264 ¹Mendi³
736 4177 828 4263 sedesn
840 4176 933 4228 inesse
954 4173 1067 4226 videtur
1086 4172 1115 4225 in
1132 4189 1181 4227 ver
1202 4173 1227 4225 is
1248 4172 1295 4228 ὑπ’

128 4240 1298 4384 scinattenuattznntt..taasaza..attententes

221 4427 225 4437 .
239 4383 283 4450 33,
295 4384 312 4438 5
325 4383 406 4438 codd.
420 4379 495 4452 Epir.
508 4381 557 4434 Dr.
570 4398 620 4452 pro
634 4369 673 4437 ὧν
690 4382 781 4451 ἔλεγεν
797 4376 945 4432 exhibent:
964 4375 1004 4433 niv
1020 4380 1118 4446 λέγειν.
1153 4376 1295 4456 Quascri·

128 4458 223 4520 ptura,
247 4452 271 4504 si
294 4468 345 4522 pro
369 4447 582 4518 ἀκαταπλήκτως
604 4448 774 4517 reposueris:
797 4443 1015 4516 ἀκατάπληκτος,
1040 4444 1156 4516 linguae
1181 4444 1294 4514 quidem
