<?xml version="1.0" encoding="UTF-8"?>
<!DOCTYPE html PUBLIC "-//W3C//DTD XHTML 1.0 Transitional//EN"
    "http://www.w3.org/TR/xhtml1/DTD/xhtml1-transitional.dtd">
<html xmlns="http://www.w3.org/1999/xhtml" xml:lang="en" lang="en">
 <head>
  <title>
</title>
<meta http-equiv="Content-Type" content="text/html;charset=utf-8" />
  <meta name='ocr-system' content='tesseract 3.04.00' />
  <meta name='ocr-capabilities' content='ocr_page ocr_carea ocr_par ocr_line ocrx_word'/>
</head>
<body>
  <div class='ocr_page' id='page_1' title='image "./clementinorumep00dresgoog_0303.png"; bbox 0 0 3162 4900; ppageno 0'>
   <div class='ocr_carea' id='block_1_1' title="bbox 252 313 1121 384">
    <p class='ocr_par' dir='ltr' id='par_1_1' title="bbox 252 313 1121 384">
     <span class='ocr_line' id='line_1_1' title="bbox 252 313 1121 384; baseline 0.006 -6"><span class='ocrx_word' id='word_1_1' title='bbox 252 313 315 378; x_wconf 79' lang='grc'><strong>989</strong></span> <span class='ocrx_word' id='word_1_2' title='bbox 554 331 1121 384; x_wconf 65' lang='lat' dir='ltr'><strong>numerumnunerumoaur.</strong></span> 
     </span>
    </p>
   </div>
   <div class='ocr_carea' id='block_1_2' title="bbox 248 476 1433 3326">
    <p class='ocr_par' dir='ltr' id='par_1_2' title="bbox 250 476 1433 2690">
     <span class='ocr_line' id='line_1_2' title="bbox 254 476 1431 555; baseline 0.001 -22"><span class='ocrx_word' id='word_1_3' title='bbox 254 479 271 534; x_wconf 84' lang='grc' dir='ltr'>ὅ</span> <span class='ocrx_word' id='word_1_4' title='bbox 296 501 332 540; x_wconf 84' lang='grc' dir='ltr'><strong>ως</strong></span> <span class='ocrx_word' id='word_1_5' title='bbox 348 483 400 533; x_wconf 73' lang='grc' dir='ltr'>καὶ.</span> <span class='ocrx_word' id='word_1_6' title='bbox 437 476 586 548; x_wconf 81' lang='lat' dir='ltr'><strong>Scriptura</strong></span> <span class='ocrx_word' id='word_1_7' title='bbox 598 477 707 534; x_wconf 86' lang='lat' dir='ltr'><strong>codicis</strong></span> <span class='ocrx_word' id='word_1_8' title='bbox 721 477 759 533; x_wconf 83' lang='lat'><strong>0:</strong></span> <span class='ocrx_word' id='word_1_9' title='bbox 772 479 787 534; x_wconf 85' lang='grc' dir='ltr'><strong>ὁ</strong></span> <span class='ocrx_word' id='word_1_10' title='bbox 804 483 858 555; x_wconf 80' lang='grc' dir='ltr'><strong>μὲν</strong></span> <span class='ocrx_word' id='word_1_11' title='bbox 874 478 946 532; x_wconf 90' lang='lat' dir='ltr'><strong>nihil</strong></span> <span class='ocrx_word' id='word_1_12' title='bbox 958 478 1037 533; x_wconf 89' lang='lat' dir='ltr'><strong>aliud</strong></span> <span class='ocrx_word' id='word_1_13' title='bbox 1049 478 1163 533; x_wconf 80' lang='lat' dir='ltr'><strong>videtur</strong></span> <span class='ocrx_word' id='word_1_14' title='bbox 1175 479 1229 532; x_wconf 85' lang='lat' dir='ltr'><strong>sibi</strong></span> <span class='ocrx_word' id='word_1_15' title='bbox 1242 479 1316 532; x_wconf 84' lang='lat' dir='ltr'><strong>veile</strong></span> <span class='ocrx_word' id='word_1_16' title='bbox 1329 497 1431 550; x_wconf 90' lang='lat' dir='ltr'><strong>quam:</strong></span> 
     </span>
     <span class='ocr_line' id='line_1_3' title="bbox 252 545 1433 620; baseline 0.001 -19"><span class='ocrx_word' id='word_1_17' title='bbox 252 566 296 602; x_wconf 85' lang='grc' dir='ltr'><strong>ων</strong></span> <span class='ocrx_word' id='word_1_18' title='bbox 307 549 368 620; x_wconf 78' lang='grc' dir='ltr'>μὲν.</span> <span class='ocrx_word' id='word_1_19' title='bbox 381 577 414 586; x_wconf 89' lang='grc'>-</span> <span class='ocrx_word' id='word_1_20' title='bbox 426 545 491 599; x_wconf 82' lang='lat' dir='ltr'><strong>V.4</strong></span> <span class='ocrx_word' id='word_1_21' title='bbox 508 548 612 604; x_wconf 86' lang='lat' dir='ltr'><strong>vetlem</strong></span> <span class='ocrx_word' id='word_1_22' title='bbox 629 546 794 601; x_wconf 85' lang='lat' dir='ltr'><strong>Dresseiius</strong></span> <span class='ocrx_word' id='word_1_23' title='bbox 812 564 846 601; x_wconf 83' lang='lat' dir='ltr'><strong>ex</strong></span> <span class='ocrx_word' id='word_1_24' title='bbox 863 547 925 600; x_wconf 87' lang='lat' dir='ltr'><strong>cod.</strong></span> <span class='ocrx_word' id='word_1_25' title='bbox 943 547 967 600; x_wconf 95' lang='lat'>0</span> <span class='ocrx_word' id='word_1_26' title='bbox 988 547 1159 616; x_wconf 79' lang='lat' dir='ltr'>recepisset:</span> <span class='ocrx_word' id='word_1_27' title='bbox 1181 549 1374 619; x_wconf 72' lang='grc' dir='ltr'><strong>διηλέγξαμεν,</strong></span> <span class='ocrx_word' id='word_1_28' title='bbox 1399 555 1433 602; x_wconf 89' lang='lat' dir='ltr'><strong>et</strong></span> 
     </span>
     <span class='ocr_line' id='line_1_4' title="bbox 253 613 1428 684; baseline 0.003 -16"><span class='ocrx_word' id='word_1_29' title='bbox 253 614 406 668; x_wconf 87' lang='lat' dir='ltr'><strong>secundum</strong></span> <span class='ocrx_word' id='word_1_30' title='bbox 421 613 496 666; x_wconf 91' lang='lat' dir='ltr'><strong>hunc</strong></span> <span class='ocrx_word' id='word_1_31' title='bbox 509 613 630 668; x_wconf 89' lang='lat' dir='ltr'><strong>eundem</strong></span> <span class='ocrx_word' id='word_1_32' title='bbox 650 615 752 668; x_wconf 88' lang='lat' dir='ltr'><strong>librum</strong></span> <span class='ocrx_word' id='word_1_33' title='bbox 765 615 970 668; x_wconf 71' lang='lat' dir='ltr'><strong>transmisisset</strong></span> <span class='ocrx_word' id='word_1_34' title='bbox 983 613 1030 678; x_wconf 79' lang='grc' dir='ltr'>τὸ,</span> <span class='ocrx_word' id='word_1_35' title='bbox 1052 614 1130 684; x_wconf 91' lang='lat' dir='ltr'><strong>quod</strong></span> <span class='ocrx_word' id='word_1_36' title='bbox 1143 620 1266 668; x_wconf 89' lang='lat' dir='ltr'><strong>estante</strong></span> <span class='ocrx_word' id='word_1_37' title='bbox 1280 619 1428 680; x_wconf 79' lang='grc' dir='ltr'>τοσοῦτον,</span> 
     </span>
     <span class='ocr_line' id='line_1_5' title="bbox 253 681 1432 756; baseline 0.003 -20"><span class='ocrx_word' id='word_1_38' title='bbox 253 681 437 752; x_wconf 89' lang='lat' dir='ltr'><strong>nequeenim</strong></span> <span class='ocrx_word' id='word_1_39' title='bbox 460 681 621 736; x_wconf 90' lang='lat' dir='ltr'><strong>audiendus</strong></span> <span class='ocrx_word' id='word_1_40' title='bbox 639 687 697 749; x_wconf 88' lang='lat' dir='ltr'><strong>est,</strong></span> <span class='ocrx_word' id='word_1_41' title='bbox 719 699 806 752; x_wconf 92' lang='lat' dir='ltr'><strong>quum</strong></span> <span class='ocrx_word' id='word_1_42' title='bbox 825 682 883 751; x_wconf 88' lang='lat' dir='ltr'><strong>legi</strong></span> <span class='ocrx_word' id='word_1_43' title='bbox 915 699 980 734; x_wconf 85' lang='lat' dir='ltr'><strong>osse</strong></span> <span class='ocrx_word' id='word_1_44' title='bbox 994 681 1152 735; x_wconf 83' lang='lat' dir='ltr'><strong>existimat:</strong></span> <span class='ocrx_word' id='word_1_45' title='bbox 1175 685 1316 738; x_wconf 74' lang='grc' dir='ltr'>τοσοῦτον</span> <span class='ocrx_word' id='word_1_46' title='bbox 1330 682 1432 756; x_wconf 86' lang='grc' dir='ltr'>μωρὸν</span> 
     </span>
     <span class='ocr_line' id='line_1_6' title="bbox 253 700 1430 819; baseline -0.001 -14"><span class='ocrx_word' id='word_1_47' title='bbox 253 748 420 819; x_wconf 71' lang='grc' dir='ltr'><strong>ἐπεκράτησε</strong></span> <span class='ocrx_word' id='word_1_48' title='bbox 437 748 469 803; x_wconf 77' lang='grc' dir='ltr'><strong>τὸ</strong></span> <span class='ocrx_word' id='word_1_49' title='bbox 487 749 587 810; x_wconf 81' lang='grc' dir='ltr'>πόθος.</span> <span class='ocrx_word' id='word_1_50' title='bbox 608 779 642 788; x_wconf 92' lang='lat'><em>-</em></span> <span class='ocrx_word' id='word_1_51' title='bbox 658 748 692 801; x_wconf 93' lang='lat' dir='ltr'><strong>V.</strong></span> <span class='ocrx_word' id='word_1_52' title='bbox 711 750 743 802; x_wconf 78' lang='lat' dir='ltr'><strong>lo</strong></span> <span class='ocrx_word' id='word_1_53' title='bbox 762 749 867 802; x_wconf 87' lang='lat' dir='ltr'><strong>nollem</strong></span> <span class='ocrx_word' id='word_1_54' title='bbox 885 700 1049 802; x_wconf 58' lang='lat' dir='ltr'><strong>ssresseiius</strong></span> <span class='ocrx_word' id='word_1_55' title='bbox 1073 750 1221 802; x_wconf 88' lang='lat' dir='ltr'><strong>verborum</strong></span> <span class='ocrx_word' id='word_1_56' title='bbox 1243 751 1430 818; x_wconf 80' lang='lat' dir='ltr'><strong>perpetuitati</strong></span> 
     </span>
     <span class='ocr_line' id='line_1_7' title="bbox 253 816 1430 890; baseline 0.001 -21"><span class='ocrx_word' id='word_1_57' title='bbox 253 816 399 870; x_wconf 86' lang='lat' dir='ltr'><strong>intulisset</strong></span> <span class='ocrx_word' id='word_1_58' title='bbox 417 816 506 886; x_wconf 87' lang='lat' dir='ltr'><strong>ipsius</strong></span> <span class='ocrx_word' id='word_1_59' title='bbox 527 818 731 886; x_wconf 87' lang='lat' dir='ltr'><strong>conjecturam:</strong></span> <span class='ocrx_word' id='word_1_60' title='bbox 757 821 950 890; x_wconf 77' lang='grc' dir='ltr'>ποιουμένου,</span> <span class='ocrx_word' id='word_1_61' title='bbox 964 823 1110 886; x_wconf 87' lang='lat' dir='ltr'><strong>probatam</strong></span> <span class='ocrx_word' id='word_1_62' title='bbox 1127 817 1241 885; x_wconf 91' lang='lat' dir='ltr'><strong>quidem</strong></span> <span class='ocrx_word' id='word_1_63' title='bbox 1256 819 1342 870; x_wconf 85' lang='lat' dir='ltr'><strong>etiam</strong></span> <span class='ocrx_word' id='word_1_64' title='bbox 1355 817 1430 872; x_wconf 87' lang='lat' dir='ltr'><strong>Uhi-</strong></span> 
     </span>
     <span class='ocr_line' id='line_1_8' title="bbox 253 882 1430 954; baseline 0.002 -18"><span class='ocrx_word' id='word_1_65' title='bbox 253 883 354 938; x_wconf 91' lang='lat' dir='ltr'><strong>hornio</strong></span> <span class='ocrx_word' id='word_1_66' title='bbox 369 885 385 936; x_wconf 90' lang='grc' dir='ltr'><strong>Ι.</strong></span> <span class='ocrx_word' id='word_1_67' title='bbox 399 901 422 937; x_wconf 92' lang='lat' dir='ltr'><strong>c.</strong></span> <span class='ocrx_word' id='word_1_68' title='bbox 457 885 533 948; x_wconf 77' lang='lat'><strong>.171,</strong></span> <span class='ocrx_word' id='word_1_69' title='bbox 556 887 621 937; x_wconf 89' lang='lat' dir='ltr'><strong>adn.</strong></span> <span class='ocrx_word' id='word_1_70' title='bbox 639 883 682 952; x_wconf 86' lang='grc'>96,</span> <span class='ocrx_word' id='word_1_71' title='bbox 705 882 753 954; x_wconf 93' lang='lat' dir='ltr'><strong>qui</strong></span> <span class='ocrx_word' id='word_1_72' title='bbox 772 883 801 935; x_wconf 88' lang='lat' dir='ltr'><strong>in</strong></span> <span class='ocrx_word' id='word_1_73' title='bbox 820 901 854 938; x_wconf 90' lang='lat' dir='ltr'><strong>eo</strong></span> <span class='ocrx_word' id='word_1_74' title='bbox 873 891 962 948; x_wconf 90' lang='lat' dir='ltr'><strong>errat,</strong></span> <span class='ocrx_word' id='word_1_75' title='bbox 987 885 1064 954; x_wconf 92' lang='lat' dir='ltr'><strong>quod</strong></span> <span class='ocrx_word' id='word_1_76' title='bbox 1081 883 1154 936; x_wconf 91' lang='lat' dir='ltr'><strong>illud</strong></span> <span class='ocrx_word' id='word_1_77' title='bbox 1172 885 1201 936; x_wconf 89' lang='lat' dir='ltr'><strong>in</strong></span> <span class='ocrx_word' id='word_1_78' title='bbox 1214 885 1313 938; x_wconf 86' lang='lat' dir='ltr'><strong>codice</strong></span> <span class='ocrx_word' id='word_1_79' title='bbox 1327 885 1350 938; x_wconf 90' lang='lat'>0</span> <span class='ocrx_word' id='word_1_80' title='bbox 1365 902 1430 938; x_wconf 89' lang='lat' dir='ltr'><strong>esse</strong></span> 
     </span>
     <span class='ocr_line' id='line_1_9' title="bbox 253 950 1430 1032; baseline 0 -28"><span class='ocrx_word' id='word_1_81' title='bbox 253 950 405 1005; x_wconf 83' lang='lat' dir='ltr'><strong>existimat.</strong></span> <span class='ocrx_word' id='word_1_82' title='bbox 451 953 630 1032; x_wconf 89' lang='lat' dir='ltr'><strong>eponendum</strong></span> <span class='ocrx_word' id='word_1_83' title='bbox 642 951 748 1020; x_wconf 87' lang='lat' dir='ltr'><strong>potius,</strong></span> <span class='ocrx_word' id='word_1_84' title='bbox 762 951 838 1022; x_wconf 91' lang='lat' dir='ltr'><strong>quod</strong></span> <span class='ocrx_word' id='word_1_85' title='bbox 853 953 913 1022; x_wconf 90' lang='lat' dir='ltr'><strong>jam</strong></span> <span class='ocrx_word' id='word_1_86' title='bbox 926 969 943 1004; x_wconf 91' lang='lat' dir='ltr'><strong>a</strong></span> <span class='ocrx_word' id='word_1_87' title='bbox 955 951 1074 1004; x_wconf 86' lang='lat' dir='ltr'><strong>Davisio</strong></span> <span class='ocrx_word' id='word_1_88' title='bbox 1088 952 1318 1004; x_wconf 89' lang='lat' dir='ltr'><strong>commendatum</strong></span> <span class='ocrx_word' id='word_1_89' title='bbox 1331 952 1430 1006; x_wconf 87' lang='lat' dir='ltr'><strong>video:</strong></span> 
     </span>
     <span class='ocr_line' id='line_1_10' title="bbox 388 1021 800 1048; baseline 0 -1"><span class='ocrx_word' id='word_1_90' title='bbox 388 1021 400 1033; x_wconf 71' lang='lat'><strong>&#39;¹</strong></span> <span class='ocrx_word' id='word_1_91' title='bbox 785 1025 800 1048; x_wconf 71' lang='lat' dir='ltr'><strong>st</strong></span> 
     </span>
     <span class='ocr_line' id='line_1_11' title="bbox 253 1018 1429 1164; baseline 0.002 -26"><span class='ocrx_word' id='word_1_92' title='bbox 253 1019 605 1148; x_wconf 47' lang='lat' dir='ltr'><strong>uor,qrqqg„gaqquliqprpd</strong></span> <span class='ocrx_word' id='word_1_93' title='bbox 618 1018 784 1154; x_wconf 48' lang='grc' dir='ltr'><strong>ξόλὲόιωῗαξιειῖ</strong></span> <span class='ocrx_word' id='word_1_94' title='bbox 793 1060 837 1140; x_wconf 78' lang='grc' dir='ltr'><strong>ὑπ’</strong></span> <span class='ocrx_word' id='word_1_95' title='bbox 860 1086 948 1141; x_wconf 79' lang='grc' dir='ltr'>αὐτοῦ</span> <span class='ocrx_word' id='word_1_96' title='bbox 964 1083 1129 1156; x_wconf 74' lang='grc' dir='ltr'>γεγονότων.</span> <span class='ocrx_word' id='word_1_97' title='bbox 1149 1117 1180 1126; x_wconf 87' lang='lat'><strong>—-</strong></span> <span class='ocrx_word' id='word_1_98' title='bbox 1203 1084 1237 1139; x_wconf 90' lang='lat' dir='ltr'><strong>V.</strong></span> <span class='ocrx_word' id='word_1_99' title='bbox 1251 1087 1266 1138; x_wconf 74' lang='lat'>7</span> <span class='ocrx_word' id='word_1_100' title='bbox 1281 1085 1429 1164; x_wconf 81' lang='lat' dir='ltr'><strong>codicisO</strong></span> 
     </span>
     <span class='ocr_line' id='line_1_12' title="bbox 252 1108 1430 1232; baseline 0.003 -27"><span class='ocrx_word' id='word_1_101' title='bbox 252 1151 406 1221; x_wconf 87' lang='lat' dir='ltr'><strong>scriptura:</strong></span> <span class='ocrx_word' id='word_1_102' title='bbox 419 1151 510 1218; x_wconf 75' lang='grc' dir='ltr'>αὐτὸς,</span> <span class='ocrx_word' id='word_1_103' title='bbox 524 1108 614 1206; x_wconf 57' lang='lat' dir='ltr'><strong>handu</strong></span> <span class='ocrx_word' id='word_1_104' title='bbox 623 1170 659 1206; x_wconf 89' lang='lat' dir='ltr'><strong>ua</strong></span> <span class='ocrx_word' id='word_1_105' title='bbox 680 1171 744 1206; x_wconf 89' lang='lat' dir='ltr'><strong>uam</strong></span> <span class='ocrx_word' id='word_1_106' title='bbox 758 1153 951 1222; x_wconf 85' lang='lat' dir='ltr'><strong>praeferenda</strong></span> <span class='ocrx_word' id='word_1_107' title='bbox 964 1159 1025 1206; x_wconf 89' lang='lat' dir='ltr'><strong>erat</strong></span> <span class='ocrx_word' id='word_1_108' title='bbox 1043 1153 1152 1206; x_wconf 87' lang='lat' dir='ltr'><strong>codicis</strong></span> <span class='ocrx_word' id='word_1_109' title='bbox 1165 1151 1187 1206; x_wconf 83' lang='lat' dir='ltr'>C</span> <span class='ocrx_word' id='word_1_110' title='bbox 1200 1153 1331 1232; x_wconf 77' lang='lat' dir='ltr'><strong>lectioni:</strong></span> <span class='ocrx_word' id='word_1_111' title='bbox 1352 1155 1430 1216; x_wconf 87' lang='grc' dir='ltr'>θεὸς.</span> 
     </span>
     <span class='ocr_line' id='line_1_13' title="bbox 252 1219 1430 1289; baseline 0.003 -17"><span class='ocrx_word' id='word_1_112' title='bbox 252 1220 332 1274; x_wconf 88' lang='lat' dir='ltr'><strong>Haec</strong></span> <span class='ocrx_word' id='word_1_113' title='bbox 345 1220 486 1274; x_wconf 89' lang='lat' dir='ltr'><strong>vocabula</strong></span> <span class='ocrx_word' id='word_1_114' title='bbox 499 1219 583 1273; x_wconf 89' lang='lat' dir='ltr'><strong>etiam</strong></span> <span class='ocrx_word' id='word_1_115' title='bbox 597 1237 613 1273; x_wconf 87' lang='lat' dir='ltr'><strong>a</strong></span> <span class='ocrx_word' id='word_1_116' title='bbox 626 1220 660 1272; x_wconf 86' lang='lat' dir='ltr'><strong>‘is</strong></span> <span class='ocrx_word' id='word_1_117' title='bbox 703 1220 862 1273; x_wconf 85' lang='lat' dir='ltr'><strong>omiliarum</strong></span> <span class='ocrx_word' id='word_1_118' title='bbox 873 1220 946 1273; x_wconf 87' lang='lat' dir='ltr'><strong>locis</strong></span> <span class='ocrx_word' id='word_1_119' title='bbox 959 1220 1034 1272; x_wconf 90' lang='lat' dir='ltr'><strong>inter</strong></span> <span class='ocrx_word' id='word_1_120' title='bbox 1047 1235 1077 1273; x_wconf 91' lang='lat' dir='ltr'><strong>se</strong></span> <span class='ocrx_word' id='word_1_121' title='bbox 1090 1227 1252 1289; x_wconf 83' lang='lat' dir='ltr'><strong>permutata</strong></span> <span class='ocrx_word' id='word_1_122' title='bbox 1266 1223 1362 1276; x_wconf 79' lang='lat' dir='ltr'><strong>videre</strong></span> <span class='ocrx_word' id='word_1_123' title='bbox 1376 1229 1430 1276; x_wconf 80' lang='lat' dir='ltr'><strong>est</strong></span> 
     </span>
     <span class='ocr_line' id='line_1_14' title="bbox 252 1286 1431 1358; baseline 0.003 -19"><span class='ocrx_word' id='word_1_124' title='bbox 252 1287 361 1340; x_wconf 88' lang='lat' dir='ltr'><strong>Dubito</strong></span> <span class='ocrx_word' id='word_1_125' title='bbox 374 1295 469 1342; x_wconf 88' lang='lat' dir='ltr'><strong>autem</strong></span> <span class='ocrx_word' id='word_1_126' title='bbox 482 1286 678 1354; x_wconf 82' lang='lat' dir='ltr'><strong>vehementer,</strong></span> <span class='ocrx_word' id='word_1_127' title='bbox 692 1305 758 1340; x_wconf 91' lang='lat' dir='ltr'><strong>num</strong></span> <span class='ocrx_word' id='word_1_128' title='bbox 771 1287 854 1348; x_wconf 79' lang='grc' dir='ltr'>αὐτὸς</span> <span class='ocrx_word' id='word_1_129' title='bbox 867 1287 1023 1342; x_wconf 83' lang='lat' dir='ltr'><strong>defendere</strong></span> <span class='ocrx_word' id='word_1_130' title='bbox 1037 1289 1123 1341; x_wconf 85' lang='lat' dir='ltr'><strong>liceat¹</strong></span> <span class='ocrx_word' id='word_1_131' title='bbox 1136 1305 1184 1355; x_wconf 92' lang='lat' dir='ltr'><strong>eo,</strong></span> <span class='ocrx_word' id='word_1_132' title='bbox 1201 1289 1277 1358; x_wconf 90' lang='lat' dir='ltr'><strong>quod</strong></span> <span class='ocrx_word' id='word_1_133' title='bbox 1290 1289 1361 1342; x_wconf 91' lang='lat' dir='ltr'><strong>haec</strong></span> <span class='ocrx_word' id='word_1_134' title='bbox 1374 1307 1431 1342; x_wconf 86' lang='lat' dir='ltr'><strong>vox</strong></span> 
     </span>
     <span class='ocr_line' id='line_1_15' title="bbox 252 1352 1430 1425; baseline 0.003 -18"><span class='ocrx_word' id='word_1_135' title='bbox 252 1355 432 1422; x_wconf 88' lang='lat' dir='ltr'><strong>„dominum“</strong></span> <span class='ocrx_word' id='word_1_136' title='bbox 450 1352 596 1424; x_wconf 83' lang='lat' dir='ltr'><strong>significat</strong></span> <span class='ocrx_word' id='word_1_137' title='bbox 612 1372 675 1408; x_wconf 91' lang='lat' dir='ltr'><strong>cum</strong></span> <span class='ocrx_word' id='word_1_138' title='bbox 697 1356 775 1424; x_wconf 88' lang='lat' dir='ltr'><strong>apud</strong></span> <span class='ocrx_word' id='word_1_139' title='bbox 795 1355 867 1408; x_wconf 87' lang='lat' dir='ltr'><strong>aiios</strong></span> <span class='ocrx_word' id='word_1_140' title='bbox 886 1353 1053 1424; x_wconf 83' lang='lat' dir='ltr'><strong>scriptores,</strong></span> <span class='ocrx_word' id='word_1_141' title='bbox 1076 1371 1132 1425; x_wconf 91' lang='lat' dir='ltr'><strong>quo</strong></span> <span class='ocrx_word' id='word_1_142' title='bbox 1152 1357 1186 1408; x_wconf 90' lang='lat' dir='ltr'><strong>de</strong></span> <span class='ocrx_word' id='word_1_143' title='bbox 1200 1357 1251 1408; x_wconf 71' lang='lat' dir='ltr'><strong>cfr·</strong></span> <span class='ocrx_word' id='word_1_144' title='bbox 1265 1355 1430 1410; x_wconf 83' lang='lat' dir='ltr'><strong>Gasaubon.</strong></span> 
     </span>
     <span class='ocr_line' id='line_1_16' title="bbox 251 1420 1430 1492; baseline 0.002 -16"><span class='ocrx_word' id='word_1_145' title='bbox 251 1423 317 1476; x_wconf 91' lang='lat' dir='ltr'><strong>adn.</strong></span> <span class='ocrx_word' id='word_1_146' title='bbox 336 1422 373 1476; x_wconf 87' lang='lat' dir='ltr'><strong>ad</strong></span> <span class='ocrx_word' id='word_1_147' title='bbox 389 1422 535 1491; x_wconf 81' lang='lat' dir='ltr'><strong>Theophr.</strong></span> <span class='ocrx_word' id='word_1_148' title='bbox 553 1421 637 1477; x_wconf 82' lang='lat' dir='ltr'><strong>Char.</strong></span> <span class='ocrx_word' id='word_1_149' title='bbox 655 1422 719 1474; x_wconf 87' lang='lat' dir='ltr'><strong>Eth.</strong></span> <span class='ocrx_word' id='word_1_150' title='bbox 738 1420 769 1475; x_wconf 82' lang='grc'><strong>0.</strong></span> <span class='ocrx_word' id='word_1_151' title='bbox 787 1421 825 1486; x_wconf 94' lang='grc' dir='ltr'>ΙΙ,</span> <span class='ocrx_word' id='word_1_152' title='bbox 843 1423 959 1490; x_wconf 87' lang='lat' dir='ltr'><strong>interpr.</strong></span> <span class='ocrx_word' id='word_1_153' title='bbox 983 1423 1019 1475; x_wconf 89' lang='lat' dir='ltr'><strong>ad</strong></span> <span class='ocrx_word' id='word_1_154' title='bbox 1040 1421 1187 1475; x_wconf 84' lang='lat' dir='ltr'><strong>Theocrit.</strong></span> <span class='ocrx_word' id='word_1_155' title='bbox 1204 1423 1247 1476; x_wconf 90' lang='lat' dir='ltr'><strong>Id.</strong></span> <span class='ocrx_word' id='word_1_156' title='bbox 1265 1423 1372 1492; x_wconf 89' lang='lat' dir='ltr'>XXlV,</span> <span class='ocrx_word' id='word_1_157' title='bbox 1386 1425 1430 1492; x_wconf 85' lang='lat'><strong>50,</strong></span> 
     </span>
     <span class='ocr_line' id='line_1_17' title="bbox 252 1488 1430 1575; baseline 0.003 -34"><span class='ocrx_word' id='word_1_158' title='bbox 252 1488 449 1543; x_wconf 88' lang='lat' dir='ltr'><strong>Hemsterhus.</strong></span> <span class='ocrx_word' id='word_1_159' title='bbox 462 1490 498 1542; x_wconf 88' lang='lat' dir='ltr'><strong>ad</strong></span> <span class='ocrx_word' id='word_1_160' title='bbox 511 1489 656 1575; x_wconf 87' lang='lat' dir='ltr'><strong>Aristoph.</strong></span> <span class='ocrx_word' id='word_1_161' title='bbox 671 1491 744 1543; x_wconf 85' lang='lat' dir='ltr'><strong>Plut.</strong></span> <span class='ocrx_word' id='word_1_162' title='bbox 757 1489 820 1556; x_wconf 75' lang='lat'><strong>959,</strong></span> <span class='ocrx_word' id='word_1_163' title='bbox 835 1495 907 1557; x_wconf 87' lang='lat' dir='ltr'><strong>turn,</strong></span> <span class='ocrx_word' id='word_1_164' title='bbox 921 1489 976 1541; x_wconf 90' lang='lat' dir='ltr'><strong>nisi</strong></span> <span class='ocrx_word' id='word_1_165' title='bbox 990 1489 1088 1558; x_wconf 85' lang='lat' dir='ltr'><strong>fallor,</strong></span> <span class='ocrx_word' id='word_1_166' title='bbox 1109 1489 1137 1542; x_wconf 91' lang='lat' dir='ltr'><strong>in</strong></span> <span class='ocrx_word' id='word_1_167' title='bbox 1153 1490 1341 1544; x_wconf 87' lang='lat' dir='ltr'><strong>Homiiiarum</strong></span> <span class='ocrx_word' id='word_1_168' title='bbox 1352 1491 1430 1558; x_wconf 89' lang='lat' dir='ltr'><strong>loco,</strong></span> 
     </span>
     <span class='ocr_line' id='line_1_18' title="bbox 273 1556 1429 1630; baseline 0.001 -20"><span class='ocrx_word' id='word_1_169' title='bbox 273 1557 303 1610; x_wconf 92' lang='lat' dir='ltr'><strong>ui</strong></span> <span class='ocrx_word' id='word_1_170' title='bbox 316 1563 360 1610; x_wconf 88' lang='lat' dir='ltr'><strong>est</strong></span> <span class='ocrx_word' id='word_1_171' title='bbox 371 1576 398 1627; x_wconf 89' lang='lat' dir='ltr'><strong>p.</strong></span> <span class='ocrx_word' id='word_1_172' title='bbox 412 1559 469 1622; x_wconf 89' lang='grc'>108,</span> <span class='ocrx_word' id='word_1_173' title='bbox 483 1557 516 1610; x_wconf 83' lang='grc'><strong>14</strong></span> <span class='ocrx_word' id='word_1_174' title='bbox 528 1576 582 1628; x_wconf 89' lang='lat' dir='ltr'><strong>sq.:</strong></span> <span class='ocrx_word' id='word_1_175' title='bbox 601 1578 615 1611; x_wconf 94' lang='grc' dir='ltr'>ο</span> <span class='ocrx_word' id='word_1_176' title='bbox 629 1556 751 1630; x_wconf 70' lang='grc' dir='ltr'>πονηρός</span> <span class='ocrx_word' id='word_1_177' title='bbox 763 1561 820 1612; x_wconf 73' lang='grc' dir='ltr'>ἐστι</span> <span class='ocrx_word' id='word_1_178' title='bbox 836 1557 851 1610; x_wconf 90' lang='grc' dir='ltr'><strong>ὁ</strong></span> <span class='ocrx_word' id='word_1_179' title='bbox 865 1556 1012 1625; x_wconf 75' lang='grc' dir='ltr'><strong>πειράζων,</strong></span> <span class='ocrx_word' id='word_1_180' title='bbox 1032 1557 1104 1610; x_wconf 78' lang='grc' dir='ltr'>ὁκαὶ</span> <span class='ocrx_word' id='word_1_181' title='bbox 1115 1558 1202 1614; x_wconf 81' lang='grc' dir='ltr'>αὐτὸν</span> <span class='ocrx_word' id='word_1_182' title='bbox 1214 1558 1357 1629; x_wconf 76' lang='grc' dir='ltr'>πειράσας,</span> <span class='ocrx_word' id='word_1_183' title='bbox 1376 1559 1429 1612; x_wconf 91' lang='lat' dir='ltr'><strong>ubi</strong></span> 
     </span>
     <span class='ocr_line' id='line_1_19' title="bbox 253 1573 1430 1705; baseline 0.002 -27"><span class='ocrx_word' id='word_1_184' title='bbox 253 1573 385 1679; x_wconf 52' lang='lat' dir='ltr'><strong>ghristus</strong></span> <span class='ocrx_word' id='word_1_185' title='bbox 400 1631 444 1677; x_wconf 91' lang='lat' dir='ltr'><strong>est</strong></span> <span class='ocrx_word' id='word_1_186' title='bbox 456 1625 669 1695; x_wconf 84' lang='lat' dir='ltr'><strong>intelligendus.</strong></span> <span class='ocrx_word' id='word_1_187' title='bbox 683 1656 714 1663; x_wconf 95' lang='lat'>—</span> <span class='ocrx_word' id='word_1_188' title='bbox 731 1625 812 1688; x_wconf 77' lang='lat' dir='ltr'><strong>Quae</strong></span> <span class='ocrx_word' id='word_1_189' title='bbox 826 1630 982 1705; x_wconf 89' lang='lat' dir='ltr'><strong>sequuntur</strong></span> <span class='ocrx_word' id='word_1_190' title='bbox 995 1624 1082 1678; x_wconf 87' lang='lat' dir='ltr'><strong>verba</strong></span> <span class='ocrx_word' id='word_1_191' title='bbox 1094 1625 1131 1677; x_wconf 91' lang='lat' dir='ltr'><strong>ad</strong></span> <span class='ocrx_word' id='word_1_192' title='bbox 1143 1626 1313 1680; x_wconf 85' lang='lat' dir='ltr'><strong>sententiam</strong></span> <span class='ocrx_word' id='word_1_193' title='bbox 1328 1629 1430 1695; x_wconf 89' lang='lat' dir='ltr'><strong>inepta</strong></span> 
     </span>
     <span class='ocr_line' id='line_1_20' title="bbox 252 1691 1430 1764; baseline 0.003 -19"><span class='ocrx_word' id='word_1_194' title='bbox 252 1691 348 1746; x_wconf 88' lang='lat' dir='ltr'><strong>sanari</strong></span> <span class='ocrx_word' id='word_1_195' title='bbox 365 1698 485 1759; x_wconf 85' lang='lat' dir='ltr'><strong>possunt</strong></span> <span class='ocrx_word' id='word_1_196' title='bbox 499 1693 560 1745; x_wconf 92' lang='lat' dir='ltr'><strong>sola</strong></span> <span class='ocrx_word' id='word_1_197' title='bbox 578 1694 798 1764; x_wconf 80' lang='lat' dir='ltr'><strong>interpungendi</strong></span> <span class='ocrx_word' id='word_1_198' title='bbox 816 1700 926 1746; x_wconf 81' lang='lat' dir='ltr'><strong>ratione</strong></span> <span class='ocrx_word' id='word_1_199' title='bbox 943 1699 1051 1745; x_wconf 88' lang='lat' dir='ltr'><strong>mutata</strong></span> <span class='ocrx_word' id='word_1_200' title='bbox 1066 1692 1095 1745; x_wconf 90' lang='lat' dir='ltr'><strong>iu</strong></span> <span class='ocrx_word' id='word_1_201' title='bbox 1114 1692 1190 1746; x_wconf 91' lang='lat' dir='ltr'><strong>hunc</strong></span> <span class='ocrx_word' id='word_1_202' title='bbox 1208 1694 1334 1747; x_wconf 90' lang='lat' dir='ltr'><strong>modum:</strong></span> <span class='ocrx_word' id='word_1_203' title='bbox 1353 1701 1379 1748; x_wconf 74' lang='grc' dir='ltr'><strong>εἰ</strong></span> <span class='ocrx_word' id='word_1_204' title='bbox 1396 1697 1430 1749; x_wconf 77' lang='grc' dir='ltr'><strong>δὲ</strong></span> 
     </span>
     <span class='ocr_line' id='line_1_21' title="bbox 252 1757 1430 1851; baseline 0.003 -37"><span class='ocrx_word' id='word_1_205' title='bbox 252 1759 267 1814; x_wconf 90' lang='grc' dir='ltr'>ό</span> <span class='ocrx_word' id='word_1_206' title='bbox 287 1762 341 1820; x_wconf 79' lang='grc' dir='ltr'><strong>πᾶς</strong></span> <span class='ocrx_word' id='word_1_207' title='bbox 360 1757 466 1832; x_wconf 86' lang='grc' dir='ltr'>κόσμος</span> <span class='ocrx_word' id='word_1_208' title='bbox 482 1761 566 1814; x_wconf 81' lang='grc' dir='ltr'>τοῦτο</span> <span class='ocrx_word' id='word_1_209' title='bbox 584 1760 653 1814; x_wconf 82' lang='grc' dir='ltr'>εἶναι</span> <span class='ocrx_word' id='word_1_210' title='bbox 672 1758 704 1814; x_wconf 78' lang='lat' dir='ltr'><strong>ori</strong></span> <span class='ocrx_word' id='word_1_211' title='bbox 718 1759 834 1815; x_wconf 72' lang='grc' dir='ltr'>δύναται</span> <span class='ocrx_word' id='word_1_212' title='bbox 846 1793 893 1824; x_wconf 90' lang='lat'><strong>-,</strong></span> <span class='ocrx_word' id='word_1_213' title='bbox 912 1759 994 1828; x_wconf 83' lang='grc' dir='ltr'>πόσῳ</span> <span class='ocrx_word' id='word_1_214' title='bbox 1012 1780 1043 1829; x_wconf 86' lang='grc' dir='ltr'><strong>γε</strong></span> <span class='ocrx_word' id='word_1_215' title='bbox 1059 1763 1167 1831; x_wconf 79' lang='grc' dir='ltr'>μᾶλλον</span> <span class='ocrx_word' id='word_1_216' title='bbox 1180 1762 1213 1816; x_wconf 82' lang='grc' dir='ltr'><strong>τὰ</strong></span> <span class='ocrx_word' id='word_1_217' title='bbox 1228 1761 1315 1851; x_wconf 88' lang='grc' dir='ltr'>μόρια</span> <span class='ocrx_word' id='word_1_218' title='bbox 1327 1762 1430 1830; x_wconf 68' lang='grc' dir='ltr'>αὐτοῦς</span> 
     </span>
     <span class='ocr_line' id='line_1_22' title="bbox 252 1825 1431 1912; baseline 0.003 -32"><span class='ocrx_word' id='word_1_219' title='bbox 252 1827 303 1880; x_wconf 77' lang='grc' dir='ltr'><strong>οὐκ</strong></span> <span class='ocrx_word' id='word_1_220' title='bbox 314 1825 348 1880; x_wconf 74' lang='grc' dir='ltr'><strong>ἂν</strong></span> <span class='ocrx_word' id='word_1_221' title='bbox 361 1825 480 1895; x_wconf 79' lang='grc' dir='ltr'><em>εὐλόγως</em></span> <span class='ocrx_word' id='word_1_222' title='bbox 491 1831 603 1896; x_wconf 79' lang='grc' dir='ltr'>κληθείη</span> <span class='ocrx_word' id='word_1_223' title='bbox 615 1825 688 1888; x_wconf 85' lang='grc' dir='ltr'>θεός.</span> <span class='ocrx_word' id='word_1_224' title='bbox 711 1828 824 1880; x_wconf 87' lang='lat' dir='ltr'><strong>Itanon</strong></span> <span class='ocrx_word' id='word_1_225' title='bbox 838 1845 923 1896; x_wconf 86' lang='lat' dir='ltr'><strong>opus,</strong></span> <span class='ocrx_word' id='word_1_226' title='bbox 946 1827 1065 1912; x_wconf 81' lang='grc' dir='ltr'>εὐλόγως</span> <span class='ocrx_word' id='word_1_227' title='bbox 1084 1835 1193 1882; x_wconf 85' lang='lat' dir='ltr'><strong>mutare</strong></span> <span class='ocrx_word' id='word_1_228' title='bbox 1208 1829 1249 1882; x_wconf 90' lang='lat' dir='ltr'><strong>in:</strong></span> <span class='ocrx_word' id='word_1_229' title='bbox 1268 1829 1383 1900; x_wconf 88' lang='grc' dir='ltr'>αλόγως.</span> <span class='ocrx_word' id='word_1_230' title='bbox 1398 1861 1431 1868; x_wconf 97' lang='grc'>-</span> 
     </span>
     <span class='ocr_line' id='line_1_23' title="bbox 251 1893 1430 1983; baseline 0.005 -37"><span class='ocrx_word' id='word_1_231' title='bbox 251 1893 340 1947; x_wconf 91' lang='lat' dir='ltr'><strong>Porro</strong></span> <span class='ocrx_word' id='word_1_232' title='bbox 353 1911 378 1945; x_wconf 88' lang='lat' dir='ltr'><strong>v.</strong></span> <span class='ocrx_word' id='word_1_233' title='bbox 390 1893 407 1944; x_wconf 88' lang='grc'><strong>9</strong></span> <span class='ocrx_word' id='word_1_234' title='bbox 419 1911 480 1963; x_wconf 88' lang='lat' dir='ltr'><strong>sqq.</strong></span> <span class='ocrx_word' id='word_1_235' title='bbox 494 1895 688 1948; x_wconf 86' lang='lat' dir='ltr'><strong>scribendum:</strong></span> <span class='ocrx_word' id='word_1_236' title='bbox 694 1893 788 1983; x_wconf 80' lang='grc' dir='ltr'>μόρια</span> <span class='ocrx_word' id='word_1_237' title='bbox 800 1897 830 1950; x_wconf 74' lang='grc' dir='ltr'><strong>δὲ</strong></span> <span class='ocrx_word' id='word_1_238' title='bbox 843 1899 913 1965; x_wconf 80' lang='grc' dir='ltr'>λέγω</span> <span class='ocrx_word' id='word_1_239' title='bbox 927 1895 993 1956; x_wconf 81' lang='grc' dir='ltr'>τοὺς</span> <span class='ocrx_word' id='word_1_240' title='bbox 1007 1897 1052 1968; x_wconf 70' lang='lat' dir='ltr'><strong>vep&#39;</strong></span> <span class='ocrx_word' id='word_1_241' title='bbox 1068 1895 1147 1967; x_wconf 80' lang='grc' dir='ltr'>ὑμῶν</span> <span class='ocrx_word' id='word_1_242' title='bbox 1157 1896 1430 1969; x_wconf 77' lang='grc' dir='ltr'>λεγομένουςθεοός,</span> 
     </span>
     <span class='ocr_line' id='line_1_24' title="bbox 251 1960 1426 2034; baseline 0.001 -17"><span class='ocrx_word' id='word_1_243' title='bbox 251 1964 281 2017; x_wconf 69' lang='grc' dir='ltr'><strong>ἐκ</strong></span> <span class='ocrx_word' id='word_1_244' title='bbox 296 1962 406 2031; x_wconf 79' lang='grc' dir='ltr'>χρυσοῦ</span> <span class='ocrx_word' id='word_1_245' title='bbox 424 1991 457 1999; x_wconf 94' lang='grc'>-</span> <span class='ocrx_word' id='word_1_246' title='bbox 477 1966 521 2015; x_wconf 81' lang='grc' dir='ltr'><strong>καὶ</strong></span> <span class='ocrx_word' id='word_1_247' title='bbox 539 1965 568 2023; x_wconf 71' lang='grc' dir='ltr'><strong>ἐξ</strong></span> <span class='ocrx_word' id='word_1_248' title='bbox 587 1960 667 2030; x_wconf 68' lang='grc' dir='ltr'>ἄλλης</span> <span class='ocrx_word' id='word_1_249' title='bbox 691 1966 752 2030; x_wconf 76' lang='grc' dir='ltr'>υλης</span> <span class='ocrx_word' id='word_1_250' title='bbox 777 1964 948 2028; x_wconf 76' lang='grc' dir='ltr'>ἡστινοσοῦν</span> <span class='ocrx_word' id='word_1_251' title='bbox 996 1962 1168 2034; x_wconf 76' lang='grc' dir='ltr'>εγονότας,</span> <span class='ocrx_word' id='word_1_252' title='bbox 1194 1971 1240 2020; x_wconf 86' lang='grc' dir='ltr'><strong>καὶ</strong></span> <span class='ocrx_word' id='word_1_253' title='bbox 1261 1969 1346 2020; x_wconf 75' lang='grc' dir='ltr'>ταῦτα</span> <span class='ocrx_word' id='word_1_254' title='bbox 1368 1965 1426 2018; x_wconf 75' lang='grc' dir='ltr'><strong>ὑπὸ</strong></span> 
     </span>
     <span class='ocr_line' id='line_1_25' title="bbox 252 1984 1423 2108; baseline 0.002 -26"><span class='ocrx_word' id='word_1_255' title='bbox 252 2031 356 2097; x_wconf 75' lang='grc' dir='ltr'>θνητῆς</span> <span class='ocrx_word' id='word_1_256' title='bbox 386 2026 482 2101; x_wconf 82' lang='grc' dir='ltr'>χειρὸς</span> <span class='ocrx_word' id='word_1_257' title='bbox 518 2031 892 2108; x_wconf 77' lang='grc' dir='ltr'>διδημιουργημένους,</span> <span class='ocrx_word' id='word_1_258' title='bbox 932 1984 1011 2082; x_wconf 71' lang='grc' dir='ltr'><strong>υυοο</strong></span> <span class='ocrx_word' id='word_1_259' title='bbox 1044 2031 1117 2083; x_wconf 86' lang='lat' dir='ltr'><strong>enirn</strong></span> <span class='ocrx_word' id='word_1_260' title='bbox 1147 2043 1233 2100; x_wconf 89' lang='lat' dir='ltr'><strong>pacto</strong></span> <span class='ocrx_word' id='word_1_261' title='bbox 1257 2034 1423 2086; x_wconf 87' lang='lat' dir='ltr'><strong>tolerandae</strong></span> 
     </span>
     <span class='ocr_line' id='line_1_26' title="bbox 251 2095 1430 2172; baseline 0.003 -24"><span class='ocrx_word' id='word_1_262' title='bbox 251 2095 399 2164; x_wconf 87' lang='lat' dir='ltr'><strong>utriusque</strong></span> <span class='ocrx_word' id='word_1_263' title='bbox 419 2097 527 2149; x_wconf 88' lang='lat' dir='ltr'><strong>codicis</strong></span> <span class='ocrx_word' id='word_1_264' title='bbox 549 2105 720 2166; x_wconf 74' lang='lat' dir='ltr'><strong>scripturae:</strong></span> <span class='ocrx_word' id='word_1_265' title='bbox 742 2095 879 2168; x_wconf 75' lang='grc' dir='ltr'><strong>γεγονότα</strong></span> <span class='ocrx_word' id='word_1_266' title='bbox 900 2103 929 2150; x_wconf 88' lang='lat' dir='ltr'><strong>et</strong></span> <span class='ocrx_word' id='word_1_267' title='bbox 949 2099 1217 2172; x_wconf 71' lang='grc' dir='ltr'><strong>δεδημιουργημένα.</strong></span> <span class='ocrx_word' id='word_1_268' title='bbox 1239 2132 1272 2140; x_wconf 91' lang='grc'>-</span> <span class='ocrx_word' id='word_1_269' title='bbox 1294 2101 1430 2169; x_wconf 90' lang='lat' dir='ltr'><strong>Denique</strong></span> 
     </span>
     <span class='ocr_line' id='line_1_27' title="bbox 251 2163 1432 2237; baseline 0.006 -22"><span class='ocrx_word' id='word_1_270' title='bbox 251 2165 383 2215; x_wconf 88' lang='lat' dir='ltr'><strong>mendum</strong></span> <span class='ocrx_word' id='word_1_271' title='bbox 397 2170 442 2216; x_wconf 86' lang='lat' dir='ltr'><strong>cst</strong></span> <span class='ocrx_word' id='word_1_272' title='bbox 457 2163 486 2215; x_wconf 90' lang='lat' dir='ltr'><strong>in</strong></span> <span class='ocrx_word' id='word_1_273' title='bbox 500 2163 593 2217; x_wconf 88' lang='lat' dir='ltr'><strong>verbis</strong></span> <span class='ocrx_word' id='word_1_274' title='bbox 607 2182 631 2217; x_wconf 92' lang='lat' dir='ltr'><strong>v.</strong></span> <span class='ocrx_word' id='word_1_275' title='bbox 646 2164 677 2215; x_wconf 91' lang='grc'><strong>19</strong></span> <span class='ocrx_word' id='word_1_276' title='bbox 691 2183 731 2234; x_wconf 88' lang='lat' dir='ltr'><strong>sq.</strong></span> <span class='ocrx_word' id='word_1_277' title='bbox 752 2164 855 2233; x_wconf 83' lang='lat' dir='ltr'><strong>positis</strong></span> <span class='ocrx_word' id='word_1_278' title='bbox 876 2165 969 2218; x_wconf 86' lang='lat' dir='ltr'><strong>hisce:</strong></span> <span class='ocrx_word' id='word_1_279' title='bbox 988 2174 1033 2220; x_wconf 79' lang='lat' dir='ltr'><strong>oin</strong></span> <span class='ocrx_word' id='word_1_280' title='bbox 1051 2167 1085 2220; x_wconf 74' lang='grc' dir='ltr'><strong>δι’</strong></span> <span class='ocrx_word' id='word_1_281' title='bbox 1106 2166 1269 2237; x_wconf 81' lang='grc' dir='ltr'>ἀνθρώπων</span> <span class='ocrx_word' id='word_1_282' title='bbox 1287 2167 1338 2223; x_wconf 79' lang='grc' dir='ltr'><strong>στό</strong></span> <span class='ocrx_word' id='word_1_283' title='bbox 1352 2189 1432 2228; x_wconf 86' lang='grc' dir='ltr'>ιατος</span> 
     </span>
     <span class='ocr_line' id='line_1_28' title="bbox 252 2192 1430 2305; baseline 0.003 -20"><span class='ocrx_word' id='word_1_284' title='bbox 252 2230 401 2291; x_wconf 74' lang='grc' dir='ltr'>ὁδεινὸςό</span> <span class='ocrx_word' id='word_1_285' title='bbox 428 2253 452 2292; x_wconf 86' lang='grc' dir='ltr'><strong>ις</strong></span> <span class='ocrx_word' id='word_1_286' title='bbox 464 2231 625 2304; x_wconf 77' lang='grc' dir='ltr'>φαρμάσσει</span> <span class='ocrx_word' id='word_1_287' title='bbox 643 2239 703 2294; x_wconf 79' lang='grc' dir='ltr'>τοῖς</span> <span class='ocrx_word' id='word_1_288' title='bbox 721 2235 867 2302; x_wconf 68' lang='grc' dir='ltr'>ἐπειγμοῖς</span> <span class='ocrx_word' id='word_1_289' title='bbox 884 2231 949 2293; x_wconf 81' lang='grc' dir='ltr'>τοὺς</span> <span class='ocrx_word' id='word_1_290' title='bbox 961 2237 1198 2305; x_wconf 75' lang='grc' dir='ltr'>ἐξαπατωμένους.</span> <span class='ocrx_word' id='word_1_291' title='bbox 1236 2237 1309 2289; x_wconf 89' lang='lat' dir='ltr'><strong>Nam</strong></span> <span class='ocrx_word' id='word_1_292' title='bbox 1331 2192 1430 2305; x_wconf 59' lang='grc' dir='ltr'>όπειγ-</span> 
     </span>
     <span class='ocr_line' id='line_1_29' title="bbox 250 2298 1430 2371; baseline 0.002 -18"><span class='ocrx_word' id='word_1_293' title='bbox 250 2306 324 2370; x_wconf 81' lang='grc' dir='ltr'>μοῖς,</span> <span class='ocrx_word' id='word_1_294' title='bbox 338 2315 393 2368; x_wconf 86' lang='lat' dir='ltr'><strong>quo</strong></span> <span class='ocrx_word' id='word_1_295' title='bbox 427 2299 589 2352; x_wconf 87' lang='lat' dir='ltr'><strong>Dresseiius</strong></span> <span class='ocrx_word' id='word_1_296' title='bbox 603 2298 763 2354; x_wconf 84' lang='lat' dir='ltr'><strong>ecodioet)</strong></span> <span class='ocrx_word' id='word_1_297' title='bbox 778 2301 913 2370; x_wconf 83' lang='lat' dir='ltr'><strong>reposuit,</strong></span> <span class='ocrx_word' id='word_1_298' title='bbox 927 2318 984 2352; x_wconf 90' lang='lat' dir='ltr'><strong>non</strong></span> <span class='ocrx_word' id='word_1_299' title='bbox 998 2301 1088 2369; x_wconf 78' lang='lat' dir='ltr'><strong>magis</strong></span> <span class='ocrx_word' id='word_1_300' title='bbox 1104 2319 1241 2371; x_wconf 87' lang='lat' dir='ltr'><strong>graecum</strong></span> <span class='ocrx_word' id='word_1_301' title='bbox 1255 2304 1430 2357; x_wconf 87' lang='lat' dir='ltr'><strong>vocabulum</strong></span> 
     </span>
     <span class='ocr_line' id='line_1_30' title="bbox 252 2365 1430 2440; baseline 0.003 -21"><span class='ocrx_word' id='word_1_302' title='bbox 252 2375 296 2419; x_wconf 82' lang='lat' dir='ltr'><strong>est.</strong></span> <span class='ocrx_word' id='word_1_303' title='bbox 306 2383 389 2437; x_wconf 91' lang='lat' dir='ltr'><strong>quam</strong></span> <span class='ocrx_word' id='word_1_304' title='bbox 401 2368 557 2440; x_wconf 80' lang='grc' dir='ltr'>ὑπειγμοῖς,</span> <span class='ocrx_word' id='word_1_305' title='bbox 574 2365 681 2420; x_wconf 88' lang='lat' dir='ltr'><strong>codicis</strong></span> <span class='ocrx_word' id='word_1_306' title='bbox 695 2372 714 2421; x_wconf 82' lang='lat'><em>0</em></span> <span class='ocrx_word' id='word_1_307' title='bbox 728 2367 878 2437; x_wconf 88' lang='lat' dir='ltr'><strong>scriptura,</strong></span> <span class='ocrx_word' id='word_1_308' title='bbox 892 2375 928 2435; x_wconf 89' lang='lat' dir='ltr'><strong>et,</strong></span> <span class='ocrx_word' id='word_1_309' title='bbox 943 2367 967 2419; x_wconf 90' lang='lat' dir='ltr'><strong>si</strong></span> <span class='ocrx_word' id='word_1_310' title='bbox 980 2376 1065 2435; x_wconf 85' lang='lat' dir='ltr'><strong>esset,</strong></span> <span class='ocrx_word' id='word_1_311' title='bbox 1079 2375 1178 2438; x_wconf 87' lang='lat' dir='ltr'><strong>utpote</strong></span> <span class='ocrx_word' id='word_1_312' title='bbox 1192 2371 1350 2424; x_wconf 79' lang='lat' dir='ltr'><strong>cohaerens</strong></span> <span class='ocrx_word' id='word_1_313' title='bbox 1365 2387 1430 2422; x_wconf 86' lang='lat' dir='ltr'><strong>cum</strong></span> 
     </span>
     <span class='ocr_line' id='line_1_31' title="bbox 251 2433 1430 2515; baseline 0.005 -30"><span class='ocrx_word' id='word_1_314' title='bbox 251 2433 338 2487; x_wconf 90' lang='lat' dir='ltr'><strong>verbo</strong></span> <span class='ocrx_word' id='word_1_315' title='bbox 357 2437 471 2506; x_wconf 72' lang='lat' dir='ltr'><strong>inelynr,</strong></span> <span class='ocrx_word' id='word_1_316' title='bbox 494 2451 551 2488; x_wconf 92' lang='lat' dir='ltr'><strong>non</strong></span> <span class='ocrx_word' id='word_1_317' title='bbox 575 2433 644 2488; x_wconf 87' lang='lat' dir='ltr'><strong>satis</strong></span> <span class='ocrx_word' id='word_1_318' title='bbox 664 2437 820 2515; x_wconf 86' lang='lat' dir='ltr'><strong>quadraret</strong></span> <span class='ocrx_word' id='word_1_319' title='bbox 842 2437 879 2488; x_wconf 92' lang='lat' dir='ltr'><strong>ad</strong></span> <span class='ocrx_word' id='word_1_320' title='bbox 901 2435 1080 2488; x_wconf 87' lang='lat' dir='ltr'><strong>sententiam.</strong></span> <span class='ocrx_word' id='word_1_321' title='bbox 1118 2439 1286 2491; x_wconf 80' lang='lat' dir='ltr'><strong>&#39;l&#39;entaverit</strong></span> <span class='ocrx_word' id='word_1_322' title='bbox 1307 2437 1430 2509; x_wconf 81' lang='lat' dir='ltr'><strong>aliquis:</strong></span> 
     </span>
     <span class='ocr_line' id='line_1_32' title="bbox 254 2501 1430 2574; baseline 0.003 -19"><span class='ocrx_word' id='word_1_323' title='bbox 254 2504 436 2574; x_wconf 72' lang='grc' dir='ltr'>ἑπασμοῐς,</span> <span class='ocrx_word' id='word_1_324' title='bbox 459 2501 722 2570; x_wconf 82' lang='lat' dir='ltr'><strong>„incantament1s“.</strong></span> <span class='ocrx_word' id='word_1_325' title='bbox 759 2504 798 2556; x_wconf 87' lang='lat' dir='ltr'><strong>At</strong></span> <span class='ocrx_word' id='word_1_326' title='bbox 819 2502 951 2572; x_wconf 87' lang='lat' dir='ltr'><strong>equidem</strong></span> <span class='ocrx_word' id='word_1_327' title='bbox 973 2521 1031 2557; x_wconf 90' lang='lat' dir='ltr'><strong>non</strong></span> <span class='ocrx_word' id='word_1_328' title='bbox 1058 2503 1174 2572; x_wconf 87' lang='lat' dir='ltr'><strong>dubito,</strong></span> <span class='ocrx_word' id='word_1_329' title='bbox 1197 2505 1265 2574; x_wconf 92' lang='lat' dir='ltr'><strong>quin</strong></span> <span class='ocrx_word' id='word_1_330' title='bbox 1290 2506 1430 2574; x_wconf 87' lang='lat' dir='ltr'><strong>scripturn</strong></span> 
     </span>
     <span class='ocr_line' id='line_1_33' title="bbox 251 2567 1430 2690; baseline 0.008 -72"><span class='ocrx_word' id='word_1_331' title='bbox 251 2567 351 2687; x_wconf 53' lang='lat' dir='ltr'><strong>fudeqqq:</strong></span> <span class='ocrx_word' id='word_1_332' title='bbox 365 2572 585 2690; x_wconf 48' lang='grc' dir='ltr'><strong>ἐμμὶριιγμὲριῐς,</strong></span> <span class='ocrx_word' id='word_1_333' title='bbox 599 2569 826 2639; x_wconf 86' lang='lat' dir='ltr'><strong>„illusionibus“,</strong></span> <span class='ocrx_word' id='word_1_334' title='bbox 842 2573 877 2624; x_wconf 92' lang='lat' dir='ltr'><strong>de</strong></span> <span class='ocrx_word' id='word_1_335' title='bbox 887 2587 945 2642; x_wconf 89' lang='lat' dir='ltr'><strong>qua</strong></span> <span class='ocrx_word' id='word_1_336' title='bbox 955 2569 1072 2625; x_wconf 82' lang='lat' dir='ltr'><strong>serioris</strong></span> <span class='ocrx_word' id='word_1_337' title='bbox 1085 2573 1148 2625; x_wconf 88' lang='lat' dir='ltr'><strong>aevi</strong></span> <span class='ocrx_word' id='word_1_338' title='bbox 1159 2589 1229 2626; x_wconf 90' lang='lat' dir='ltr'><strong>voce</strong></span> <span class='ocrx_word' id='word_1_339' title='bbox 1241 2572 1430 2627; x_wconf 86' lang='lat' dir='ltr'><strong>cfr.Lobeck.</strong></span> 
     </span>
     <span class='ocr_line' id='line_1_34' title="bbox 252 2651 567 2690; baseline 0 -2"><span class='ocrx_word' id='word_1_340' title='bbox 252 2651 269 2688; x_wconf 91' lang='lat' dir='ltr'><strong>a</strong></span> <span class='ocrx_word' id='word_1_341' title='bbox 349 2654 429 2690; x_wconf 85' lang='lat' dir='ltr'><strong>rme</strong></span> <span class='ocrx_word' id='word_1_342' title='bbox 452 2676 457 2687; x_wconf 94' lang='lat'>.</span> <span class='ocrx_word' id='word_1_343' title='bbox 492 2678 497 2690; x_wconf 92' lang='lat'>.</span> <span class='ocrx_word' id='word_1_344' title='bbox 563 2678 567 2688; x_wconf 95' lang='lat'><em>.</em></span> 
     </span>
    </p>

    <p class='ocr_par' dir='ltr' id='par_1_3' title="bbox 248 2655 1431 3250">
     <span class='ocr_line' id='line_1_35' title="bbox 318 2655 1431 2777; baseline 0.008 -23"><span class='ocrx_word' id='word_1_345' title='bbox 318 2702 349 2756; x_wconf 90' lang='lat' dir='ltr'><strong>P.</strong></span> <span class='ocrx_word' id='word_1_346' title='bbox 361 2655 420 2769; x_wconf 70' lang='grc'>996,</span> <span class='ocrx_word' id='word_1_347' title='bbox 432 2705 450 2756; x_wconf 88' lang='grc'><strong>4</strong></span> <span class='ocrx_word' id='word_1_348' title='bbox 461 2655 550 2774; x_wconf 64' lang='grc' dir='ltr'>άόοίρί</span> <span class='ocrx_word' id='word_1_349' title='bbox 567 2711 681 2774; x_wconf 85' lang='lat' dir='ltr'><strong>poterat</strong></span> <span class='ocrx_word' id='word_1_350' title='bbox 698 2705 805 2758; x_wconf 91' lang='lat' dir='ltr'><strong>codicis</strong></span> <span class='ocrx_word' id='word_1_351' title='bbox 820 2704 843 2758; x_wconf 92' lang='grc'>0</span> <span class='ocrx_word' id='word_1_352' title='bbox 857 2705 999 2774; x_wconf 88' lang='lat' dir='ltr'><strong>scriptura</strong></span> <span class='ocrx_word' id='word_1_353' title='bbox 1016 2706 1117 2768; x_wconf 82' lang='grc' dir='ltr'>αὐτοῖς.</span> <span class='ocrx_word' id='word_1_354' title='bbox 1140 2737 1174 2746; x_wconf 87' lang='grc'>-</span> <span class='ocrx_word' id='word_1_355' title='bbox 1197 2707 1231 2761; x_wconf 90' lang='lat' dir='ltr'><strong>V.</strong></span> <span class='ocrx_word' id='word_1_356' title='bbox 1249 2709 1266 2761; x_wconf 83' lang='lat'>5</span> <span class='ocrx_word' id='word_1_357' title='bbox 1281 2724 1332 2777; x_wconf 90' lang='lat' dir='ltr'><strong>pro</strong></span> <span class='ocrx_word' id='word_1_358' title='bbox 1350 2709 1431 2763; x_wconf 73' lang='grc' dir='ltr'>ἐστίν</span> 
     </span>
     <span class='ocr_line' id='line_1_36' title="bbox 252 2771 1430 2894; baseline 0.008 -72"><span class='ocrx_word' id='word_1_359' title='bbox 252 2776 281 2822; x_wconf 84' lang='lat' dir='ltr'><strong>et</strong></span> <span class='ocrx_word' id='word_1_360' title='bbox 290 2772 369 2826; x_wconf 68' lang='grc' dir='ltr'>ἐστιν</span> <span class='ocrx_word' id='word_1_361' title='bbox 381 2789 435 2825; x_wconf 82' lang='lat' dir='ltr'><strong>scr.</strong></span> <span class='ocrx_word' id='word_1_362' title='bbox 448 2773 519 2826; x_wconf 81' lang='grc' dir='ltr'>ἔστι</span> <span class='ocrx_word' id='word_1_363' title='bbox 530 2793 553 2827; x_wconf 91' lang='grc' dir='ltr'><strong>ν.</strong></span> <span class='ocrx_word' id='word_1_364' title='bbox 566 2803 599 2812; x_wconf 84' lang='lat'><em>-</em></span> <span class='ocrx_word' id='word_1_365' title='bbox 612 2771 646 2824; x_wconf 92' lang='lat' dir='ltr'><strong>V.</strong></span> <span class='ocrx_word' id='word_1_366' title='bbox 659 2773 675 2824; x_wconf 87' lang='lat'>9</span> <span class='ocrx_word' id='word_1_367' title='bbox 688 2789 728 2842; x_wconf 84' lang='lat' dir='ltr'><strong>sq.</strong></span> <span class='ocrx_word' id='word_1_368' title='bbox 741 2790 791 2842; x_wconf 91' lang='lat' dir='ltr'><strong>pro</strong></span> <span class='ocrx_word' id='word_1_369' title='bbox 803 2779 849 2827; x_wconf 80' lang='grc' dir='ltr'><strong>καὶ</strong></span> <span class='ocrx_word' id='word_1_370' title='bbox 861 2778 982 2828; x_wconf 71' lang='grc' dir='ltr'>αἰωνίων</span> <span class='ocrx_word' id='word_1_371' title='bbox 994 2772 1117 2894; x_wconf 56' lang='grc' dir='ltr'>ἀρχαίων</span> <span class='ocrx_word' id='word_1_372' title='bbox 1129 2773 1235 2847; x_wconf 84' lang='grc' dir='ltr'>τάφους</span> <span class='ocrx_word' id='word_1_373' title='bbox 1243 2785 1430 2858; x_wconf 81' lang='grc' dir='ltr'>προσκυνεῖτε</span> 
     </span>
     <span class='ocr_line' id='line_1_37' title="bbox 252 2837 1429 2916; baseline 0.008 -28"><span class='ocrx_word' id='word_1_374' title='bbox 252 2837 432 2892; x_wconf 86' lang='lat' dir='ltr'><strong>scribendum</strong></span> <span class='ocrx_word' id='word_1_375' title='bbox 447 2845 522 2892; x_wconf 88' lang='lat' dir='ltr'><strong>erat:</strong></span> <span class='ocrx_word' id='word_1_376' title='bbox 541 2847 575 2894; x_wconf 79' lang='grc' dir='ltr'><strong>τί</strong></span> <span class='ocrx_word' id='word_1_377' title='bbox 589 2840 782 2911; x_wconf 75' lang='grc' dir='ltr'>ἀνθρώπων</span> <span class='ocrx_word' id='word_1_378' title='bbox 794 2840 818 2894; x_wconf 83' lang='grc' dir='ltr'><strong>ἄ.</strong></span> <span class='ocrx_word' id='word_1_379' title='bbox 833 2863 854 2895; x_wconf 86' lang='grc' dir='ltr'><strong>τ.</strong></span> <span class='ocrx_word' id='word_1_380' title='bbox 870 2863 899 2896; x_wconf 92' lang='grc' dir='ltr'><strong>π.</strong></span> <span class='ocrx_word' id='word_1_381' title='bbox 934 2839 1015 2894; x_wconf 88' lang='lat' dir='ltr'><strong>Voca</strong></span> <span class='ocrx_word' id='word_1_382' title='bbox 1038 2843 1115 2894; x_wconf 84' lang='lat' dir='ltr'><strong>utum</strong></span> <span class='ocrx_word' id='word_1_383' title='bbox 1129 2848 1250 2898; x_wconf 72' lang='lat' dir='ltr'><strong>sturton</strong></span> <span class='ocrx_word' id='word_1_384' title='bbox 1269 2862 1298 2897; x_wconf 83' lang='grc' dir='ltr'><strong>ιιι</strong></span> <span class='ocrx_word' id='word_1_385' title='bbox 1315 2843 1429 2916; x_wconf 79' lang='grc' dir='ltr'>ἀνθρώ·</span> 
     </span>
     <span class='ocr_line' id='line_1_38' title="bbox 251 2905 1430 2982; baseline 0.008 -25"><span class='ocrx_word' id='word_1_386' title='bbox 251 2925 315 2958; x_wconf 88' lang='grc' dir='ltr'><strong>πων</strong></span> <span class='ocrx_word' id='word_1_387' title='bbox 327 2905 492 2958; x_wconf 86' lang='lat' dir='ltr'><strong>mutandum</strong></span> <span class='ocrx_word' id='word_1_388' title='bbox 506 2923 583 2972; x_wconf 87' lang='lat' dir='ltr'><strong>esse,</strong></span> <span class='ocrx_word' id='word_1_389' title='bbox 624 2924 690 2958; x_wconf 93' lang='lat' dir='ltr'><strong>uum</strong></span> <span class='ocrx_word' id='word_1_390' title='bbox 707 2910 796 2976; x_wconf 88' lang='lat' dir='ltr'><strong>primo</strong></span> <span class='ocrx_word' id='word_1_391' title='bbox 813 2909 917 2961; x_wconf 91' lang='lat' dir='ltr'><strong>obtutu</strong></span> <span class='ocrx_word' id='word_1_392' title='bbox 932 2909 1150 2976; x_wconf 85' lang='lat' dir='ltr'><strong>intellexissem,</strong></span> <span class='ocrx_word' id='word_1_393' title='bbox 1171 2918 1273 2979; x_wconf 89' lang='lat' dir='ltr'><strong>postea</strong></span> <span class='ocrx_word' id='word_1_394' title='bbox 1294 2912 1352 2964; x_wconf 92' lang='lat' dir='ltr'><strong>vidi</strong></span> <span class='ocrx_word' id='word_1_395' title='bbox 1368 2915 1430 2982; x_wconf 90' lang='lat' dir='ltr'><strong>jam</strong></span> 
     </span>
     <span class='ocr_line' id='line_1_39' title="bbox 252 2922 1429 3048; baseline 0.009 -27"><span class='ocrx_word' id='word_1_396' title='bbox 252 2968 425 3024; x_wconf 88' lang='lat' dir='ltr'><strong>Cotelerium</strong></span> <span class='ocrx_word' id='word_1_397' title='bbox 439 2973 571 3026; x_wconf 87' lang='lat' dir='ltr'><strong>sensisse.</strong></span> <span class='ocrx_word' id='word_1_398' title='bbox 604 2922 727 3026; x_wconf 36' lang='lat' dir='ltr'><strong>&amp;cilicet</strong></span> <span class='ocrx_word' id='word_1_399' title='bbox 739 2981 828 3026; x_wconf 91' lang='lat' dir='ltr'><strong>ortum</strong></span> <span class='ocrx_word' id='word_1_400' title='bbox 843 2976 975 3028; x_wconf 90' lang='lat' dir='ltr'><strong>mendum</strong></span> <span class='ocrx_word' id='word_1_401' title='bbox 993 2983 1049 3046; x_wconf 84' lang='lat' dir='ltr'><strong>est,</strong></span> <span class='ocrx_word' id='word_1_402' title='bbox 1071 2983 1104 3030; x_wconf 89' lang='lat' dir='ltr'><strong>ut</strong></span> <span class='ocrx_word' id='word_1_403' title='bbox 1124 2980 1209 3032; x_wconf 89' lang='lat' dir='ltr'><strong>etiam</strong></span> <span class='ocrx_word' id='word_1_404' title='bbox 1229 2979 1429 3048; x_wconf 83' lang='lat' dir='ltr'><strong>Schweglerus</strong></span> 
     </span>
     <span class='ocr_line' id='line_1_40' title="bbox 251 3037 1429 3120; baseline 0.01 -33"><span class='ocrx_word' id='word_1_405' title='bbox 251 3037 405 3104; x_wconf 86' lang='lat' dir='ltr'><strong>adnotavit,</strong></span> <span class='ocrx_word' id='word_1_406' title='bbox 418 3055 452 3091; x_wconf 86' lang='lat' dir='ltr'><strong>ex</strong></span> <span class='ocrx_word' id='word_1_407' title='bbox 466 3039 633 3108; x_wconf 89' lang='lat' dir='ltr'><strong>compendio</strong></span> <span class='ocrx_word' id='word_1_408' title='bbox 646 3051 722 3104; x_wconf 69' lang='grc' dir='ltr'>α’νος,</span> <span class='ocrx_word' id='word_1_409' title='bbox 735 3040 770 3092; x_wconf 91' lang='lat' dir='ltr'><strong>de</strong></span> <span class='ocrx_word' id='word_1_410' title='bbox 784 3058 840 3120; x_wconf 91' lang='lat' dir='ltr'><strong>quo</strong></span> <span class='ocrx_word' id='word_1_411' title='bbox 854 3044 912 3112; x_wconf 88' lang='lat' dir='ltr'><strong>jam</strong></span> <span class='ocrx_word' id='word_1_412' title='bbox 927 3061 1012 3113; x_wconf 87' lang='lat' dir='ltr'><strong>supra</strong></span> <span class='ocrx_word' id='word_1_413' title='bbox 1029 3043 1057 3096; x_wconf 90' lang='lat' dir='ltr'><strong>in</strong></span> <span class='ocrx_word' id='word_1_414' title='bbox 1076 3046 1140 3098; x_wconf 90' lang='lat' dir='ltr'><strong>adn.</strong></span> <span class='ocrx_word' id='word_1_415' title='bbox 1156 3049 1192 3098; x_wconf 90' lang='lat' dir='ltr'><strong>ad</strong></span> <span class='ocrx_word' id='word_1_416' title='bbox 1206 3066 1232 3116; x_wconf 89' lang='lat' dir='ltr'><strong>p.</strong></span> <span class='ocrx_word' id='word_1_417' title='bbox 1249 3049 1307 3107; x_wconf 87' lang='grc'>911,</span> <span class='ocrx_word' id='word_1_418' title='bbox 1321 3049 1353 3098; x_wconf 83' lang='grc'><strong>15</strong></span> <span class='ocrx_word' id='word_1_419' title='bbox 1365 3067 1429 3119; x_wconf 90' lang='lat' dir='ltr'><strong>sqq.</strong></span> 
     </span>
     <span class='ocr_line' id='line_1_41' title="bbox 250 3105 1429 3184; baseline 0.012 -29"><span class='ocrx_word' id='word_1_420' title='bbox 250 3105 357 3156; x_wconf 88' lang='lat' dir='ltr'><strong>dictum</strong></span> <span class='ocrx_word' id='word_1_421' title='bbox 379 3113 430 3157; x_wconf 87' lang='lat' dir='ltr'><strong>est.</strong></span> <span class='ocrx_word' id='word_1_422' title='bbox 465 3106 703 3160; x_wconf 83' lang='lat' dir='ltr'><strong>Emendationem</strong></span> <span class='ocrx_word' id='word_1_423' title='bbox 722 3107 822 3162; x_wconf 79' lang='lat' dir='ltr'><strong>eximie</strong></span> <span class='ocrx_word' id='word_1_424' title='bbox 842 3109 971 3164; x_wconf 86' lang='lat' dir='ltr'><strong>suffulcit</strong></span> <span class='ocrx_word' id='word_1_425' title='bbox 989 3114 1082 3181; x_wconf 86' lang='lat' dir='ltr'><strong>locus,</strong></span> <span class='ocrx_word' id='word_1_426' title='bbox 1104 3113 1152 3182; x_wconf 91' lang='lat' dir='ltr'><strong>qui</strong></span> <span class='ocrx_word' id='word_1_427' title='bbox 1172 3123 1216 3167; x_wconf 86' lang='lat' dir='ltr'><strong>est</strong></span> <span class='ocrx_word' id='word_1_428' title='bbox 1232 3134 1259 3184; x_wconf 89' lang='lat' dir='ltr'><strong>p.</strong></span> <span class='ocrx_word' id='word_1_429' title='bbox 1277 3115 1336 3182; x_wconf 89' lang='grc'>918,</span> <span class='ocrx_word' id='word_1_430' title='bbox 1355 3117 1379 3168; x_wconf 89' lang='grc'><strong>9.</strong></span> <span class='ocrx_word' id='word_1_431' title='bbox 1395 3147 1429 3156; x_wconf 87' lang='lat'>-</span> 
     </span>
     <span class='ocr_line' id='line_1_42' title="bbox 248 3170 1256 3250; baseline 0.008 -26"><span class='ocrx_word' id='word_1_432' title='bbox 248 3170 283 3224; x_wconf 93' lang='lat' dir='ltr'><strong>V.</strong></span> <span class='ocrx_word' id='word_1_433' title='bbox 298 3171 329 3224; x_wconf 79' lang='lat'><strong>17</strong></span> <span class='ocrx_word' id='word_1_434' title='bbox 343 3189 384 3244; x_wconf 85' lang='lat' dir='ltr'><strong>sq.</strong></span> <span class='ocrx_word' id='word_1_435' title='bbox 399 3189 451 3225; x_wconf 87' lang='lat' dir='ltr'><strong>scr.</strong></span> <span class='ocrx_word' id='word_1_436' title='bbox 466 3181 495 3228; x_wconf 80' lang='grc' dir='ltr'><strong>τί</strong></span> <span class='ocrx_word' id='word_1_437' title='bbox 513 3174 560 3235; x_wconf 70' lang='grc' dir='ltr'><strong>θές</strong></span> <span class='ocrx_word' id='word_1_438' title='bbox 580 3174 612 3228; x_wconf 81' lang='grc' dir='ltr'><strong>οὐ</strong></span> <span class='ocrx_word' id='word_1_439' title='bbox 626 3174 734 3250; x_wconf 77' lang='grc' dir='ltr'>φόρους</span> <span class='ocrx_word' id='word_1_440' title='bbox 746 3182 821 3242; x_wconf 77' lang='lat' dir='ltr'><strong>cett,</strong></span> <span class='ocrx_word' id='word_1_441' title='bbox 836 3184 876 3230; x_wconf 91' lang='lat' dir='ltr'><strong>et:</strong></span> <span class='ocrx_word' id='word_1_442' title='bbox 894 3185 924 3233; x_wconf 81' lang='lat' dir='ltr'><strong>rt</strong></span> <span class='ocrx_word' id='word_1_443' title='bbox 934 3181 981 3242; x_wconf 68' lang='lat' dir='ltr'><strong>de,-</strong></span> <span class='ocrx_word' id='word_1_444' title='bbox 999 3181 1032 3234; x_wconf 88' lang='grc' dir='ltr'><strong>οὐ</strong></span> <span class='ocrx_word' id='word_1_445' title='bbox 1046 3181 1178 3242; x_wconf 78' lang='grc' dir='ltr'><strong>πολλάκις</strong></span> <span class='ocrx_word' id='word_1_446' title='bbox 1191 3189 1256 3236; x_wconf 90' lang='lat' dir='ltr'><strong>cett.</strong></span> 
     </span>
    </p>

    <p class='ocr_par' dir='ltr' id='par_1_4' title="bbox 320 3241 1429 3326">
     <span class='ocr_line' id='line_1_43' title="bbox 320 3241 1429 3326; baseline 0.011 -34"><span class='ocrx_word' id='word_1_447' title='bbox 320 3241 352 3296; x_wconf 83' lang='lat' dir='ltr'><strong>P.</strong></span> <span class='ocrx_word' id='word_1_448' title='bbox 364 3241 423 3309; x_wconf 81' lang='grc'>997,</span> <span class='ocrx_word' id='word_1_449' title='bbox 438 3241 470 3293; x_wconf 87' lang='lat'><strong>18</strong></span> <span class='ocrx_word' id='word_1_450' title='bbox 478 3241 667 3310; x_wconf 85' lang='lat' dir='ltr'><strong>praeferenda</strong></span> <span class='ocrx_word' id='word_1_451' title='bbox 681 3249 742 3298; x_wconf 91' lang='lat' dir='ltr'><strong>erat</strong></span> <span class='ocrx_word' id='word_1_452' title='bbox 755 3245 861 3299; x_wconf 90' lang='lat' dir='ltr'><strong>codicis</strong></span> <span class='ocrx_word' id='word_1_453' title='bbox 876 3245 898 3298; x_wconf 82' lang='lat' dir='ltr'>C</span> <span class='ocrx_word' id='word_1_454' title='bbox 916 3249 1070 3326; x_wconf 88' lang='lat' dir='ltr'><strong>scriptura:</strong></span> <span class='ocrx_word' id='word_1_455' title='bbox 1094 3248 1179 3304; x_wconf 77' lang='grc' dir='ltr'>ὑμῶν,</span> <span class='ocrx_word' id='word_1_456' title='bbox 1198 3280 1231 3290; x_wconf 89' lang='grc'>-</span> <span class='ocrx_word' id='word_1_457' title='bbox 1249 3251 1294 3304; x_wconf 93' lang='lat' dir='ltr'><strong>De</strong></span> <span class='ocrx_word' id='word_1_458' title='bbox 1308 3267 1429 3321; x_wconf 88' lang='lat' dir='ltr'><strong>sequen-</strong></span> 
     </span>
    </p>
   </div>
   <div class='ocr_carea' id='block_1_3' title="bbox 252 3303 1532 3398">
    <p class='ocr_par' dir='ltr' id='par_1_5' title="bbox 252 3303 1532 3398">
     <span class='ocr_line' id='line_1_44' title="bbox 252 3303 1532 3398; baseline 0.005 -36"><span class='ocrx_word' id='word_1_459' title='bbox 252 3308 329 3362; x_wconf 82' lang='lat' dir='ltr'><strong>tibus</strong></span> <span class='ocrx_word' id='word_1_460' title='bbox 343 3310 393 3362; x_wconf 89' lang='lat' dir='ltr'><strong>cfr.</strong></span> <span class='ocrx_word' id='word_1_461' title='bbox 408 3326 581 3392; x_wconf 27' lang='lat' dir='ltr'><strong>quaeqsupra</strong></span> <span class='ocrx_word' id='word_1_462' title='bbox 593 3310 630 3393; x_wconf 76' lang='lat' dir='ltr'><strong>ad</strong></span> <span class='ocrx_word' id='word_1_463' title='bbox 642 3330 669 3381; x_wconf 90' lang='lat' dir='ltr'><strong>p.</strong></span> <span class='ocrx_word' id='word_1_464' title='bbox 681 3313 739 3378; x_wconf 87' lang='grc'>910,</span> <span class='ocrx_word' id='word_1_465' title='bbox 752 3312 840 3398; x_wconf 69' lang='lat' dir='ltr'><strong>dpqq.</strong></span> <span class='ocrx_word' id='word_1_466' title='bbox 854 3315 1060 3368; x_wconf 85' lang='lat' dir='ltr'><strong>adnotavrmus.</strong></span> <span class='ocrx_word' id='word_1_467' title='bbox 1079 3303 1235 3371; x_wconf 71' lang='lat' dir='ltr'><strong>Praeterea</strong></span> <span class='ocrx_word' id='word_1_468' title='bbox 1244 3321 1429 3385; x_wconf 89' lang='lat' dir='ltr'><strong>monendum,</strong></span> <span class='ocrx_word' id='word_1_469' title='bbox 1526 3361 1532 3368; x_wconf 95' lang='lat'>.</span> 
     </span>
    </p>
   </div>
   <div class='ocr_carea' id='block_1_4' title="bbox 245 3377 1431 4062">
    <p class='ocr_par' dir='ltr' id='par_1_6' title="bbox 250 3377 1431 3498">
     <span class='ocr_line' id='line_1_45' title="bbox 251 3377 1431 3454; baseline 0.012 -26"><span class='ocrx_word' id='word_1_470' title='bbox 251 3377 352 3431; x_wconf 90' lang='lat' dir='ltr'><strong>verba:</strong></span> <span class='ocrx_word' id='word_1_471' title='bbox 373 3384 403 3433; x_wconf 79' lang='grc' dir='ltr'><strong>τί</strong></span> <span class='ocrx_word' id='word_1_472' title='bbox 414 3395 529 3434; x_wconf 89' lang='grc' dir='ltr'>ποιουσι</span> <span class='ocrx_word' id='word_1_473' title='bbox 545 3399 688 3444; x_wconf 80' lang='grc' dir='ltr'>τοιουτου,</span> <span class='ocrx_word' id='word_1_474' title='bbox 703 3379 807 3436; x_wconf 87' lang='grc' dir='ltr'>ὁποῖον</span> <span class='ocrx_word' id='word_1_475' title='bbox 819 3402 846 3435; x_wconf 86' lang='grc' dir='ltr'><strong>τι</strong></span> <span class='ocrx_word' id='word_1_476' title='bbox 859 3381 962 3435; x_wconf 84' lang='lat' dir='ltr'><strong>vitiosa</strong></span> <span class='ocrx_word' id='word_1_477' title='bbox 975 3400 1046 3436; x_wconf 87' lang='lat' dir='ltr'><strong>esse.</strong></span> <span class='ocrx_word' id='word_1_478' title='bbox 1072 3382 1190 3454; x_wconf 80' lang='lat' dir='ltr'><strong>Corrige</strong></span> <span class='ocrx_word' id='word_1_479' title='bbox 1204 3387 1303 3439; x_wconf 88' lang='lat' dir='ltr'><strong>sodes:</strong></span> <span class='ocrx_word' id='word_1_480' title='bbox 1323 3385 1431 3442; x_wconf 80' lang='grc' dir='ltr'>ὁποῖον</span> 
     </span>
     <span class='ocr_line' id='line_1_46' title="bbox 250 3451 314 3498; baseline 0 0"><span class='ocrx_word' id='word_1_481' title='bbox 250 3451 314 3498; x_wconf 79' lang='grc' dir='ltr'>καλ.</span> 
     </span>
    </p>

    <p class='ocr_par' dir='ltr' id='par_1_7' title="bbox 245 3513 1431 4062">
     <span class='ocr_line' id='line_1_47' title="bbox 318 3513 1429 3592; baseline 0.009 -27"><span class='ocrx_word' id='word_1_482' title='bbox 318 3513 348 3565; x_wconf 93' lang='grc' dir='ltr'><strong>Ρ.</strong></span> <span class='ocrx_word' id='word_1_483' title='bbox 363 3514 421 3579; x_wconf 89' lang='grc'>998,</span> <span class='ocrx_word' id='word_1_484' title='bbox 434 3513 451 3565; x_wconf 90' lang='grc'>3</span> <span class='ocrx_word' id='word_1_485' title='bbox 464 3531 506 3582; x_wconf 85' lang='lat' dir='ltr'><strong>sq.</strong></span> <span class='ocrx_word' id='word_1_486' title='bbox 521 3530 595 3582; x_wconf 88' lang='lat' dir='ltr'><strong>quae</strong></span> <span class='ocrx_word' id='word_1_487' title='bbox 609 3532 623 3568; x_wconf 91' lang='lat' dir='ltr'><strong>e</strong></span> <span class='ocrx_word' id='word_1_488' title='bbox 638 3515 737 3570; x_wconf 89' lang='lat' dir='ltr'><strong>codice</strong></span> <span class='ocrx_word' id='word_1_489' title='bbox 751 3515 775 3569; x_wconf 94' lang='grc' dir='ltr'>Ο</span> <span class='ocrx_word' id='word_1_490' title='bbox 787 3515 961 3586; x_wconf 87' lang='lat' dir='ltr'><strong>transcripta</strong></span> <span class='ocrx_word' id='word_1_491' title='bbox 970 3523 1044 3588; x_wconf 54' lang='lat' dir='ltr'><strong>⁸sunt</strong></span> <span class='ocrx_word' id='word_1_492' title='bbox 1056 3519 1154 3572; x_wconf 84' lang='lat' dir='ltr'><strong>verba:</strong></span> <span class='ocrx_word' id='word_1_493' title='bbox 1172 3518 1189 3587; x_wconf 81' lang='grc' dir='ltr'><em>ἢ</em></span> <span class='ocrx_word' id='word_1_494' title='bbox 1203 3519 1328 3590; x_wconf 83' lang='grc' dir='ltr'>καρποὺς</span> <span class='ocrx_word' id='word_1_495' title='bbox 1340 3526 1429 3592; x_wconf 75' lang='grc' dir='ltr'>παρέ-</span> 
     </span>
     <span class='ocr_line' id='line_1_48' title="bbox 245 3579 1429 3658; baseline 0.006 -26"><span class='ocrx_word' id='word_1_496' title='bbox 245 3599 350 3648; x_wconf 86' lang='grc' dir='ltr'>χοντας</span> <span class='ocrx_word' id='word_1_497' title='bbox 362 3580 427 3641; x_wconf 86' lang='grc' dir='ltr'>τοὺς</span> <span class='ocrx_word' id='word_1_498' title='bbox 439 3579 541 3644; x_wconf 82' lang='grc' dir='ltr'>αὐτοὺς</span> <span class='ocrx_word' id='word_1_499' title='bbox 553 3585 586 3652; x_wconf 75' lang='grc' dir='ltr'><strong>τῇ</strong></span> <span class='ocrx_word' id='word_1_500' title='bbox 603 3585 640 3656; x_wconf 74' lang='grc' dir='ltr'><strong>γῇ</strong></span> <span class='ocrx_word' id='word_1_501' title='bbox 658 3591 717 3644; x_wconf 82' lang='grc' dir='ltr'>τοῖς</span> <span class='ocrx_word' id='word_1_502' title='bbox 729 3581 831 3645; x_wconf 88' lang='grc' dir='ltr'>πόνοις</span> <span class='ocrx_word' id='word_1_503' title='bbox 843 3583 934 3657; x_wconf 80' lang='grc' dir='ltr'>ὑμῶν,</span> <span class='ocrx_word' id='word_1_504' title='bbox 950 3591 992 3645; x_wconf 85' lang='grc' dir='ltr'><strong>οἱς</strong></span> <span class='ocrx_word' id='word_1_505' title='bbox 1005 3591 1104 3646; x_wconf 75' lang='grc' dir='ltr'>θυσίας</span> <span class='ocrx_word' id='word_1_506' title='bbox 1120 3597 1276 3658; x_wconf 79' lang='grc' dir='ltr'><strong>χορηγεῐιε,</strong></span> <span class='ocrx_word' id='word_1_507' title='bbox 1296 3588 1429 3657; x_wconf 85' lang='lat' dir='ltr'><strong>quamvis</strong></span> 
     </span>
     <span class='ocr_line' id='line_1_49' title="bbox 250 3642 1429 3738; baseline 0.01 -41"><span class='ocrx_word' id='word_1_508' title='bbox 250 3651 350 3713; x_wconf 87' lang='lat' dir='ltr'><strong>aperte</strong></span> <span class='ocrx_word' id='word_1_509' title='bbox 366 3650 459 3716; x_wconf 91' lang='lat' dir='ltr'><strong>adid,</strong></span> <span class='ocrx_word' id='word_1_510' title='bbox 478 3651 555 3719; x_wconf 91' lang='lat' dir='ltr'><strong>quod</strong></span> <span class='ocrx_word' id='word_1_511' title='bbox 568 3642 666 3702; x_wconf 71' lang='lat' dir='ltr'><strong>terum</strong></span> <span class='ocrx_word' id='word_1_512' title='bbox 684 3656 740 3716; x_wconf 90' lang='lat' dir='ltr'><strong>est,</strong></span> <span class='ocrx_word' id='word_1_513' title='bbox 759 3653 877 3720; x_wconf 88' lang='lat' dir='ltr'><strong>propius</strong></span> <span class='ocrx_word' id='word_1_514' title='bbox 897 3653 1039 3705; x_wconf 81' lang='lat' dir='ltr'><strong>accedant</strong></span> <span class='ocrx_word' id='word_1_515' title='bbox 1051 3671 1134 3738; x_wconf 92' lang='lat' dir='ltr'><strong>quam</strong></span> <span class='ocrx_word' id='word_1_516' title='bbox 1149 3671 1196 3720; x_wconf 90' lang='lat' dir='ltr'><strong>ea,</strong></span> <span class='ocrx_word' id='word_1_517' title='bbox 1210 3671 1284 3726; x_wconf 84' lang='lat' dir='ltr'><strong>quae</strong></span> <span class='ocrx_word' id='word_1_518' title='bbox 1299 3656 1391 3708; x_wconf 82' lang='lat' dir='ltr'><strong>codex</strong></span> <span class='ocrx_word' id='word_1_519' title='bbox 1406 3655 1429 3709; x_wconf 83' lang='lat' dir='ltr'>C</span> 
     </span>
     <span class='ocr_line' id='line_1_50' title="bbox 250 3712 1431 3792; baseline 0.009 -27"><span class='ocrx_word' id='word_1_520' title='bbox 250 3712 378 3780; x_wconf 81' lang='lat' dir='ltr'><strong>exhibet,</strong></span> <span class='ocrx_word' id='word_1_521' title='bbox 397 3731 454 3767; x_wconf 90' lang='lat' dir='ltr'><strong>non</strong></span> <span class='ocrx_word' id='word_1_522' title='bbox 469 3724 536 3768; x_wconf 91' lang='lat' dir='ltr'><strong>sunt</strong></span> <span class='ocrx_word' id='word_1_523' title='bbox 547 3722 643 3770; x_wconf 89' lang='lat' dir='ltr'><strong>tamen</strong></span> <span class='ocrx_word' id='word_1_524' title='bbox 655 3735 772 3785; x_wconf 84' lang='lat' dir='ltr'><strong>prorsus</strong></span> <span class='ocrx_word' id='word_1_525' title='bbox 786 3735 863 3772; x_wconf 89' lang='lat' dir='ltr'><strong>sana.</strong></span> <span class='ocrx_word' id='word_1_526' title='bbox 898 3717 996 3772; x_wconf 87' lang='lat' dir='ltr'><strong>Verba</strong></span> <span class='ocrx_word' id='word_1_527' title='bbox 1017 3741 1083 3782; x_wconf 83' lang='grc' dir='ltr'>τους</span> <span class='ocrx_word' id='word_1_528' title='bbox 1098 3720 1200 3782; x_wconf 79' lang='grc' dir='ltr'>αὐτοὺς</span> <span class='ocrx_word' id='word_1_529' title='bbox 1217 3725 1250 3790; x_wconf 74' lang='grc' dir='ltr'><strong>τῆ</strong></span> <span class='ocrx_word' id='word_1_530' title='bbox 1267 3724 1302 3792; x_wconf 80' lang='grc' dir='ltr'><strong>γῆ</strong></span> <span class='ocrx_word' id='word_1_531' title='bbox 1324 3725 1431 3790; x_wconf 86' lang='lat' dir='ltr'><strong>probet</strong></span> 
     </span>
     <span class='ocr_line' id='line_1_51' title="bbox 250 3779 1430 3858; baseline 0.011 -27"><span class='ocrx_word' id='word_1_532' title='bbox 250 3779 364 3849; x_wconf 81' lang='lat' dir='ltr'><strong>aliquis,</strong></span> <span class='ocrx_word' id='word_1_533' title='bbox 377 3781 588 3858; x_wconf 63' lang='lat' dir='ltr'><strong>interpretans:⁸</strong></span> <span class='ocrx_word' id='word_1_534' title='bbox 598 3784 664 3846; x_wconf 86' lang='grc' dir='ltr'>τοὺς</span> <span class='ocrx_word' id='word_1_535' title='bbox 675 3783 788 3849; x_wconf 81' lang='grc' dir='ltr'><strong>αὐτοὺς,</strong></span> <span class='ocrx_word' id='word_1_536' title='bbox 808 3783 857 3847; x_wconf 76' lang='grc' dir='ltr'><strong>οὓς</strong></span> <span class='ocrx_word' id='word_1_537' title='bbox 869 3785 885 3852; x_wconf 80' lang='grc' dir='ltr'><em>ἡ</em></span> <span class='ocrx_word' id='word_1_538' title='bbox 896 3789 939 3858; x_wconf 77' lang='grc' dir='ltr'><strong>γῆ,</strong></span> <span class='ocrx_word' id='word_1_539' title='bbox 966 3787 1023 3840; x_wconf 81' lang='lat' dir='ltr'><strong>Sed</strong></span> <span class='ocrx_word' id='word_1_540' title='bbox 1044 3789 1195 3858; x_wconf 84' lang='lat' dir='ltr'><strong>sequeutia</strong></span> <span class='ocrx_word' id='word_1_541' title='bbox 1213 3781 1255 3843; x_wconf 82' lang='lat' dir='ltr'><strong>si&#39;c</strong></span> <span class='ocrx_word' id='word_1_542' title='bbox 1273 3781 1430 3845; x_wconf 82' lang='lat' dir='ltr'><strong>a&#39;eribenda</strong></span> 
     </span>
     <span class='ocr_line' id='line_1_52' title="bbox 249 3847 1429 3932; baseline 0.013 -33"><span class='ocrx_word' id='word_1_543' title='bbox 249 3847 394 3900; x_wconf 88' lang='lat' dir='ltr'><strong>videntur:</strong></span> <span class='ocrx_word' id='word_1_544' title='bbox 407 3879 440 3888; x_wconf 91' lang='lat'><em>-</em></span> <span class='ocrx_word' id='word_1_545' title='bbox 454 3853 486 3922; x_wconf 74' lang='grc' dir='ltr'><strong>τῇ</strong></span> <span class='ocrx_word' id='word_1_546' title='bbox 497 3854 540 3925; x_wconf 73' lang='grc' dir='ltr'><strong>γῇ,</strong></span> <span class='ocrx_word' id='word_1_547' title='bbox 560 3859 602 3912; x_wconf 87' lang='grc' dir='ltr'><strong>οἱς</strong></span> <span class='ocrx_word' id='word_1_548' title='bbox 619 3861 679 3914; x_wconf 87' lang='grc' dir='ltr'>τοῖς</span> <span class='ocrx_word' id='word_1_549' title='bbox 695 3851 796 3912; x_wconf 90' lang='grc' dir='ltr'>πόνοις</span> <span class='ocrx_word' id='word_1_550' title='bbox 814 3851 893 3932; x_wconf 80' lang='grc' dir='ltr'>ὑμῶν</span> <span class='ocrx_word' id='word_1_551' title='bbox 914 3853 970 3922; x_wconf 83' lang='lat' dir='ltr'><strong>(vel</strong></span> <span class='ocrx_word' id='word_1_552' title='bbox 988 3855 1104 3910; x_wconf 86' lang='lat' dir='ltr'><strong>melius:</strong></span> <span class='ocrx_word' id='word_1_553' title='bbox 1128 3856 1215 3931; x_wconf 76' lang='grc' dir='ltr'>ὑμεῖς,</span> <span class='ocrx_word' id='word_1_554' title='bbox 1240 3859 1317 3927; x_wconf 85' lang='lat' dir='ltr'><strong>quod</strong></span> <span class='ocrx_word' id='word_1_555' title='bbox 1336 3860 1429 3912; x_wconf 83' lang='lat' dir='ltr'><strong>estin</strong></span> 
     </span>
     <span class='ocr_line' id='line_1_53' title="bbox 249 3913 1430 3994; baseline 0.009 -26"><span class='ocrx_word' id='word_1_556' title='bbox 249 3916 350 3969; x_wconf 88' lang='lat' dir='ltr'><strong>codice</strong></span> <span class='ocrx_word' id='word_1_557' title='bbox 365 3913 398 3985; x_wconf 82' lang='grc'><strong>0)</strong></span> <span class='ocrx_word' id='word_1_558' title='bbox 410 3925 512 3979; x_wconf 83' lang='grc' dir='ltr'>θυσίας</span> <span class='ocrx_word' id='word_1_559' title='bbox 518 3928 680 3992; x_wconf 54' lang='lat' dir='ltr'><strong>poppaeus,-</strong></span> <span class='ocrx_word' id='word_1_560' title='bbox 694 3923 720 3974; x_wconf 88' lang='lat' dir='ltr'><strong>h.</strong></span> <span class='ocrx_word' id='word_1_561' title='bbox 734 3937 758 3973; x_wconf 91' lang='lat' dir='ltr'><strong>e.</strong></span> <span class='ocrx_word' id='word_1_562' title='bbox 772 3957 787 3987; x_wconf 92' lang='lat'><strong>„</strong></span> <span class='ocrx_word' id='word_1_563' title='bbox 810 3921 894 3974; x_wconf 80' lang='lat' dir='ltr'><strong>uibus</strong></span> <span class='ocrx_word' id='word_1_564' title='bbox 908 3937 924 3974; x_wconf 91' lang='lat' dir='ltr'><strong>o</strong></span> <span class='ocrx_word' id='word_1_565' title='bbox 936 3938 962 3975; x_wconf 73' lang='lat' dir='ltr'><strong>re</strong></span> <span class='ocrx_word' id='word_1_566' title='bbox 976 3921 1132 3990; x_wconf 87' lang='lat' dir='ltr'><strong>fructuum,</strong></span> <span class='ocrx_word' id='word_1_567' title='bbox 1147 3943 1218 3994; x_wconf 85' lang='lat' dir='ltr'><strong>quos</strong></span> <span class='ocrx_word' id='word_1_568' title='bbox 1234 3925 1331 3978; x_wconf 86' lang='lat' dir='ltr'><strong>labore</strong></span> <span class='ocrx_word' id='word_1_569' title='bbox 1345 3927 1430 3982; x_wconf 87' lang='lat' dir='ltr'><strong>vobis</strong></span> 
     </span>
     <span class='ocr_line' id='line_1_54' title="bbox 250 3941 1430 4062; baseline 0.008 -27"><span class='ocrx_word' id='word_1_570' title='bbox 250 3983 453 4052; x_wconf 85' lang='lat' dir='ltr'><strong>comparastis,</strong></span> <span class='ocrx_word' id='word_1_571' title='bbox 471 4004 521 4039; x_wconf 88' lang='lat' dir='ltr'><strong>vos</strong></span> <span class='ocrx_word' id='word_1_572' title='bbox 535 4003 618 4039; x_wconf 86' lang='lat' dir='ltr'><strong>saera</strong></span> <span class='ocrx_word' id='word_1_573' title='bbox 637 3987 769 4040; x_wconf 81' lang='lat' dir='ltr'><strong>facitis“?</strong></span> <span class='ocrx_word' id='word_1_574' title='bbox 823 3988 855 4040; x_wconf 88' lang='lat' dir='ltr'><strong>fr.</strong></span> <span class='ocrx_word' id='word_1_575' title='bbox 880 3941 973 4055; x_wconf 60' lang='lat' dir='ltr'><strong>venire,</strong></span> <span class='ocrx_word' id='word_1_576' title='bbox 995 4008 1069 4061; x_wconf 90' lang='lat' dir='ltr'><strong>quae</strong></span> <span class='ocrx_word' id='word_1_577' title='bbox 1086 3991 1223 4062; x_wconf 89' lang='lat' dir='ltr'><strong>leguntur</strong></span> <span class='ocrx_word' id='word_1_578' title='bbox 1240 4011 1266 4062; x_wconf 92' lang='lat' dir='ltr'><strong>p.</strong></span> <span class='ocrx_word' id='word_1_579' title='bbox 1284 3993 1344 4059; x_wconf 89' lang='grc'>998,</span> <span class='ocrx_word' id='word_1_580' title='bbox 1359 3993 1382 4046; x_wconf 91' lang='lat'><strong>1.</strong></span> <span class='ocrx_word' id='word_1_581' title='bbox 1395 4023 1430 4032; x_wconf 86' lang='lat'><em>-</em></span> 
     </span>
    </p>
   </div>
   <div class='ocr_carea' id='block_1_5' title="bbox 249 4050 1430 4180">
    <p class='ocr_par' dir='ltr' id='par_1_8' title="bbox 249 4050 1430 4180">
     <span class='ocr_line' id='line_1_55' title="bbox 249 4050 1430 4177; baseline 0.01 -75"><span class='ocrx_word' id='word_1_582' title='bbox 249 4050 404 4104; x_wconf 88' lang='lat' dir='ltr'><strong>Praeterea</strong></span> <span class='ocrx_word' id='word_1_583' title='bbox 416 4053 515 4106; x_wconf 88' lang='lat' dir='ltr'><strong>nescio</strong></span> <span class='ocrx_word' id='word_1_584' title='bbox 527 4070 563 4106; x_wconf 90' lang='lat' dir='ltr'><strong>an</strong></span> <span class='ocrx_word' id='word_1_585' title='bbox 577 4061 717 4122; x_wconf 85' lang='lat' dir='ltr'><strong>praestet,</strong></span> <span class='ocrx_word' id='word_1_586' title='bbox 731 4054 966 4125; x_wconf 86' lang='lat' dir='ltr'><strong>interrogationis</strong></span> <span class='ocrx_word' id='word_1_587' title='bbox 981 4058 1107 4177; x_wconf 49' lang='lat' dir='ltr'><strong>siquam,</strong></span> <span class='ocrx_word' id='word_1_588' title='bbox 1129 4061 1206 4130; x_wconf 91' lang='lat' dir='ltr'><strong>quod</strong></span> <span class='ocrx_word' id='word_1_589' title='bbox 1223 4066 1352 4140; x_wconf 82' lang='lat' dir='ltr'><strong>estpost</strong></span> <span class='ocrx_word' id='word_1_590' title='bbox 1364 4064 1430 4116; x_wconf 75' lang='grc' dir='ltr'>ἐπι-</span> 
     </span>
     <span class='ocr_line' id='line_1_56' title="bbox 1027 4145 1043 4180; baseline 0 0"><span class='ocrx_word' id='word_1_591' title='bbox 1027 4145 1043 4180; x_wconf 93' lang='lat'>0</span> 
     </span>
    </p>
   </div>
   <div class='ocr_carea' id='block_1_6' title="bbox 249 4117 1430 4266">
    <p class='ocr_par' dir='ltr' id='par_1_9' title="bbox 249 4117 1430 4266">
     <span class='ocr_line' id='line_1_57' title="bbox 250 4117 1430 4198; baseline 0.01 -29"><span class='ocrx_word' id='word_1_592' title='bbox 250 4117 397 4186; x_wconf 77' lang='grc' dir='ltr'>λάβωνται,</span> <span class='ocrx_word' id='word_1_593' title='bbox 411 4119 440 4172; x_wconf 90' lang='lat' dir='ltr'><strong>in</strong></span> <span class='ocrx_word' id='word_1_594' title='bbox 454 4136 575 4189; x_wconf 87' lang='lat' dir='ltr'><strong>comma,</strong></span> <span class='ocrx_word' id='word_1_595' title='bbox 595 4123 672 4190; x_wconf 90' lang='lat' dir='ltr'><strong>quod</strong></span> <span class='ocrx_word' id='word_1_596' title='bbox 686 4128 803 4191; x_wconf 85' lang='lat' dir='ltr'><strong>vocant,</strong></span> <span class='ocrx_word' id='word_1_597' title='bbox 821 4129 931 4178; x_wconf 89' lang='lat' dir='ltr'><strong>mutare</strong></span> <span class='ocrx_word' id='word_1_598' title='bbox 949 4129 1003 4185; x_wconf 89' lang='lat' dir='ltr'><strong>(mo</strong></span> <span class='ocrx_word' id='word_1_599' title='bbox 1062 4129 1295 4198; x_wconf 78' lang='lat' dir='ltr'><strong>interrogationis</strong></span> <span class='ocrx_word' id='word_1_600' title='bbox 1313 4129 1430 4198; x_wconf 88' lang='lat' dir='ltr'><strong>signum</strong></span> 
     </span>
     <span class='ocr_line' id='line_1_58' title="bbox 249 4190 1430 4266; baseline 0.012 -31"><span class='ocrx_word' id='word_1_601' title='bbox 249 4191 373 4266; x_wconf 73' lang='lat' dir='ltr'><strong>ponqtur</strong></span> <span class='ocrx_word' id='word_1_602' title='bbox 390 4192 456 4256; x_wconf 91' lang='lat' dir='ltr'><strong>post</strong></span> <span class='ocrx_word' id='word_1_603' title='bbox 473 4195 642 4260; x_wconf 81' lang='grc' dir='ltr'><strong>χυρηγεῑιε),</strong></span> <span class='ocrx_word' id='word_1_604' title='bbox 661 4195 693 4243; x_wconf 93' lang='lat' dir='ltr'><strong>ut</strong></span> <span class='ocrx_word' id='word_1_605' title='bbox 716 4190 871 4257; x_wconf 87' lang='lat' dir='ltr'><strong>indicetur,</strong></span> <span class='ocrx_word' id='word_1_606' title='bbox 896 4193 933 4245; x_wconf 92' lang='lat' dir='ltr'><strong>ad</strong></span> <span class='ocrx_word' id='word_1_607' title='bbox 953 4210 1077 4264; x_wconf 89' lang='lat' dir='ltr'><strong>sequens</strong></span> <span class='ocrx_word' id='word_1_608' title='bbox 1095 4194 1111 4263; x_wconf 84' lang='grc' dir='ltr'><em>ἢ</em></span> <span class='ocrx_word' id='word_1_609' title='bbox 1134 4197 1327 4266; x_wconf 88' lang='lat' dir='ltr'><strong>supplendum</strong></span> <span class='ocrx_word' id='word_1_610' title='bbox 1349 4213 1430 4251; x_wconf 86' lang='lat' dir='ltr'><strong>esse:</strong></span> 
     </span>
    </p>
   </div>
   <div class='ocr_carea' id='block_1_7' title="bbox 250 4256 788 4396">
    <p class='ocr_par' dir='ltr' id='par_1_10' title="bbox 250 4256 788 4396">
     <span class='ocr_line' id='line_1_59' title="bbox 250 4256 788 4396; baseline 0.02 -28"><span class='ocrx_word' id='word_1_611' title='bbox 250 4256 274 4304; x_wconf 48' lang='grc' dir='ltr'><strong>εἰ</strong></span> <span class='ocrx_word' id='word_1_612' title='bbox 285 4273 347 4370; x_wconf 43' lang='grc' dir='ltr'>μά).</span> <span class='ocrx_word' id='word_1_613' title='bbox 361 4319 421 4382; x_wconf 87' lang='grc'>999,</span> <span class='ocrx_word' id='word_1_614' title='bbox 435 4321 468 4372; x_wconf 92' lang='grc'><strong>10</strong></span> <span class='ocrx_word' id='word_1_615' title='bbox 479 4321 678 4376; x_wconf 79' lang='lat' dir='ltr'><strong>scribendum:</strong></span> <span class='ocrx_word' id='word_1_616' title='bbox 692 4322 761 4396; x_wconf 82' lang='grc' dir='ltr'><strong>όμῶ</strong></span> <span class='ocrx_word' id='word_1_617' title='bbox 769 4347 788 4386; x_wconf 91' lang='grc' dir='ltr'><strong>ς.</strong></span> 
     </span>
    </p>
   </div>
   <div class='ocr_carea' id='block_1_8' title="bbox 0 0 1586 4900">
    <p class='ocr_par' dir='ltr' id='par_1_11' title="bbox 0 0 1586 4900">
     <span class='ocr_line' id='line_1_60' title="bbox 0 0 1586 4900; baseline 0 0"><span class='ocrx_word' id='word_1_618' title='bbox 0 0 1586 4900; x_wconf 95' lang='lat' dir='ltr'><strong> </strong></span> 
     </span>
    </p>
   </div>
  </div>
 </body>
</html>
