3162 4900
253 333 315 398 288
558 349 1120 402 nw1nsnnnn1nuuommoc1rr.

252 498 341 552 verba
353 498 498 567 adscripta
511 515 573 552 esse
590 497 723 552 videntur
740 516 757 552 u
775 499 884 551 lectore
903 498 1000 568 aliquo
1012 497 1086 551 malo
1103 501 1253 562 accurato,
1271 496 1319 567 qui
1339 497 1434 552 adno-

251 571 313 619 tatu
327 565 445 634 dignum
458 573 597 632 censeret,
610 583 698 634 opera
709 583 766 619 non
780 568 905 620 dicenda
917 582 981 619 esse
994 566 1113 619 meliora
1124 581 1209 634 quam
1224 562 1363 624 homines,
1379 565 1434 616 sed

252 631 371 687 meliora
383 649 467 701 quam
480 650 568 702 opera
579 633 732 687 bominum.
744 665 778 672 -
800 635 901 720 Neque
917 633 1010 686 minus
1029 641 1177 702 corrupta,
1196 647 1270 702 quae
1287 631 1339 683 illa
1356 631 1433 684 exci-

251 699 342 768 piunt7
355 701 443 754 verba
459 699 545 754 haec:
567 701 684 765 ελόότες,
706 701 749 756 ὅτι
769 700 817 756 ἐὰν
835 702 927 756 αυτῶν
940 699 973 755 τὰ
990 704 1056 771 ἔργα
1069 708 1128 760 τοῖς
1139 700 1286 772 ἡμετέροις
1297 701 1327 752 ἓν
1341 697 1433 772 ἡμέρᾳ

251 775 367 854 κρίσεως
376 768 560 838 άνακριθέντα
573 774 620 824 ἴσα
632 772 666 843 τῇ
679 769 793 838 εὐποιία
807 767 919 843 εὑρεθῇ,
941 775 986 822 καλ
998 769 1078 856 ἡμεῖς
1089 769 1304 838 ἔναισχυνθήναι
1318 770 1434 845 λήγομεν,

253 841 334 890 αυτολ
350 837 382 890 δὲ
399 835 447 891 διὰ
463 835 571 904 πλάνην
587 836 620 891 re
635 836 692 891 κατ’
711 835 797 893 αὐτὸν
814 834 981 904 ποιήσαντες
998 840 1163 890 απολίσθαι.
1194 834 1267 897 Quis
1285 850 1360 888 emm
1373 850 1434 885 non

253 902 381 956 offendat
397 903 427 955 in
443 904 587 990 particula
602 911 659 970 καὶ,
682 920 756 973 quae
773 909 897 958 estante
910 902 1001 982 ἡμεῖς,
1022 910 1073 956 aut
1091 902 1156 972 quis
1172 900 1322 970 probabile
1335 901 1434 969 ducet,

252 969 340 1023 verbe
353 968 386 1024 τὰ
396 991 447 1025 ιιατ
466 970 553 1026 αὐτὸν
569 972 695 1040 genuina
711 987 775 1024 esse
789 975 891 1040 utpote
907 969 1114 1040 significantia:
1138 970 1233 1040 „quod
1251 967 1433 1022 adfuturum

253 1036 439 1090 saeculum“'l
456 1037 494 1090 Et
506 1038 583 1106 prius
597 1037 712 1108 quidem
725 1039 858 1091 mendum
871 1039 972 1092 tollere
984 1039 1054 1092 licet
1067 1041 1224 1091 secundum
1234 1033 1366 1090 Rufinum
1380 1035 1398 1087 l.
1408 1053 1434 1088 c.

251 1105 294 1158 ita
305 1105 554 1174 interpretantem:
575 1106 733 1173 „scientes,
749 1106 818 1177 quia
836 1107 858 1158 si
873 1122 960 1175 opera
977 1105 1090 1160 illorum
1103 1105 1209 1158 nostris
1223 1103 1358 1173 operibus
1373 1105 1434 1156 col-

253 1172 324 1238 leta,
342 1170 372 1224 in
390 1171 435 1226 die
450 1172 553 1242 judicii
574 1171 706 1225 similia
725 1172 907 1226 inveniantur
926 1190 964 1226 ac
981 1175 1095 1242 peria,
1115 1171 1246 1225 confusio
1264 1170 1348 1224 nobis
1367 1171 1432 1237 erit,

253 1239 330 1309 quod
343 1239 477 1308 aequales
490 1239 648 1293 invenimur
659 1238 688 1292 in
702 1241 838 1308 operibus
852 1240 895 1292 bis
906 1243 955 1312 qui
966 1245 1086 1310 propter
1096 1239 1287 1320 ignorantium
1298 1239 1435 1291 condem-

252 1313 364 1372 nantur,
378 1313 408 1360 et
419 1307 526 1361 nnllam
539 1324 617 1376 spem
631 1307 719 1360 brturi
732 1307 841 1360 sacculi
854 1307 1046 1361 babuerunt“
1073 1305 1192 1361 Scilicet
1203 1307 1357 1376 legendum
1372 1311 1433 1359 est:

253 1380 300 1430 loa
313 1376 346 1448 τῇ
358 1375 471 1446 εὐποιία
484 1373 585 1450 εὑρεθῇ
595 1381 641 1430 καὶ
653 1373 769 1450 ὅμοια,
785 1374 864 1448 ἡμεῖς
875 1381 941 1429 cett.
954 1375 1110 1430 Praeterea
1121 1373 1184 1429 fieri
1197 1377 1302 1443 potest,
1316 1381 1350 1426 ut
1361 1379 1433 1440 post

252 1441 354 1516 εὴρεθη·
367 1442 518 1497 exciderit:
536 1439 562 1509 ἡ.
598 1443 690 1498 Alteri
709 1458 774 1496 vero
788 1445 891 1496 mendo
904 1443 1103 1512 interpretatio
1121 1443 1210 1496 latina
1222 1442 1330 1495 nullam
1342 1440 1432 1494 affert

252 1509 432 1562 medicinam.
468 1511 569 1581 Neque
581 1511 701 1579 prodest
714 1511 805 1576 veria,
823 1525 896 1580 quae
910 1511 939 1563 in
953 1511 1053 1565 codice
1067 1509 1089 1564 C
1102 1509 1255 1580 reperitur,
1270 1509 1430 1577 scripture:

251 1577 313 1632 καθ’
327 1577 425 1633 αὑτῶν.
462 1577 646 1632 Tentaverim
664 1577 810 1648 equidem:
835 1577 914 1633 αὐτοὶ
933 1579 964 1634 di
980 1578 1027 1634 όιά
1045 1576 1166 1646 πλάνην,
1186 1577 1219 1633 τά
1242 1575 1324 1632 καλὰ
1348 1574 1433 1630 ὄντα

253 1643 428 1712 ποιήσαντες,
441 1643 606 1700 ἀπολέσθαι.
624 1641 670 1697 Ad
687 1645 775 1698 verbe
792 1644 824 1700 τὰ
841 1645 909 1700 καλά
925 1645 994 1702 όντα
1011 1645 1061 1700 cfr.
1075 1665 1101 1716 p.
1114 1645 1174 1710 252,
1187 1647 1204 1698 b
1217 1662 1279 1716 sqq.
1290 1644 1428 1697 —Porro

252 1713 365 1765 minime
386 1711 517 1779 perfecta
535 1719 579 1766 est
599 1713 762 1766 emendatio
782 1714 946 1777 verborum,
971 1729 1045 1783 quae
1067 1719 1133 1766 sunt
1154 1731 1178 1765 v.
1200 1714 1233 1766 10
1251 1729 1327 1782 sqq:
1351 1716 1376 1766 ιλ
1397 1713 1431 1767 δὲ

252 1782 437 1848 αἰσχυνθῆναι
450 1783 539 1843 ἔστιν,
554 1778 604 1848 τήν
621 1780 752 1835 εὐποιίαν
768 1778 865 1841 αὐτοῖς
881 1787 945 1849 ἴσην
962 1783 1104 1842 δείξαντας
1119 1787 1164 1834 καλ
1177 1779 1210 1834 οὐ
1223 1784 1331 1844 πλεῖον,
1344 1777 1430 1847 πόσῳ

251 1867 282 1917 γε
294 1835 406 1920 μᾶλλον,
418 1845 466 1902 ἐὰν
477 1847 568 1902 αὐτῶν
580 1849 628 1915 τὴς
640 1847 766 1908 εὐποιίας
779 1847 810 1902 τό
834 1837 914 1902 ’τιον
926 1851 1075 1918 όείξωμευ;
1096 1847 1222 1900 Tantum
1240 1849 1325 1900 abest
1342 1847 1430 1913 enim,

252 1919 285 1966 ut
297 1917 451 1978 δείξαντας,
470 1931 544 1985 quae
557 1917 723 1994 conjectura
741 1921 785 1968 est
799 1871 974 1984 Scirwegleri
992 1916 1147 1986 eademque
1161 1914 1303 1983 scripture
1316 1913 1428 1968 codicis

253 1979 286 2044 0,
300 1981 367 2036 ferri
384 1980 491 2050 possit,
504 1987 536 2034 ut
548 1983 636 2037 lectio
650 1982 759 2036 codicis
777 1981 813 2035 0:
836 1985 986 2046 δείξαντες,
1005 2000 1022 2036 a
1040 1981 1248 2037 recentioribus
1268 1981 1430 2036 editoribus

252 2051 366 2102 omnino
380 2053 485 2116 spreto,
499 2049 624 2118 genuina
637 2049 680 2103 sit.
718 2047 790 2102 Sunt
803 2055 899 2103 autem
916 2050 945 2102 in
962 2050 1020 2103 illis
1037 2050 1133 2105 verbis
1150 2049 1237 2103 binae
1249 2049 1382 2116 lacunae,
1401 2050 1431 2101 in

253 2117 328 2170 huuc
340 2119 454 2170 modum
465 2117 635 2186 explendae:
650 2149 681 2157 -
695 2119 780 2181 ἔστιν,
793 2118 848 2172 ὅτι
861 2116 913 2186 τήν
925 2118 986 2173 edu.
999 2118 1058 2172 αιίτ.
1071 2125 1108 2174 to.
1121 2120 1281 2179 δείξαντέ
1285 2139 1298 2179 ς
1312 2119 1326 2171 i
1332 2133 1351 2171 σ
1356 2139 1379 2190 μ
1388 2137 1431 2180 εν,

251 2190 296 2238 καὶ
308 2190 374 2238 cett.
387 2182 462 2237 Ante
473 2183 523 2253 τὴν
533 2183 663 2240 εὐποιίαν
675 2186 847 2239 collocatum
860 2184 950 2240 fuisse
960 2185 1131 2240 vocabulum
1143 2202 1161 2238 a
1171 2185 1266 2238 vocali
1278 2184 1431 2254 incipiens,

252 2250 390 2304 coniicias
403 2251 489 2305 etiem
502 2269 536 2304 cx
550 2269 594 2318 eo,
608 2254 684 2324 quod
699 2252 835 2321 scriptum
846 2253 987 2320 reperitur
999 2257 1084 2317 ἔστιν,
1096 2270 1153 2308 non
1166 2255 1234 2308 ἔστι.
1247 2283 1281 2293 -
1293 2251 1429 2321 Denique

252 2335 277 2371 v.
290 2319 323 2372 13
336 2337 377 2389 sq.
391 2320 419 2372 iu
437 2319 546 2373 verbis:
559 2317 620 2376 Ὅτι
637 2322 668 2376 di
681 2319 771 2381 ὅντως
788 2323 818 2375 ἐν
830 2320 918 2392 ἡμέρᾳ
930 2329 1047 2390 κρίσεως
1059 2329 1118 2383 ταῖς
1131 2323 1186 2375 τῶν
1202 2324 1428 2390 πεπλανημένων

252 2386 390 2448 εὐποιΐαις
406 2389 435 2441 αἱ
448 2389 503 2442 τῶν
513 2386 645 2456 ἀλήθειαν
658 2388 820 2458 ἐγνωκότων
832 2389 970 2453 λσάζονται
986 2387 1106 2460 πράξεις,
1121 2397 1187 2442 erite
1198 2387 1336 2452 λσάζονται
1349 2387 1426 2440 exci-

252 2453 342 2507 disse:
360 2455 417 2518 οὐκ,
432 2456 583 2509 ostendere
598 2461 731 2523 poterent
742 2461 799 2508 tem
812 2472 845 2508 ee
858 2471 931 2525 quae
943 2456 1188 2527 antegrediuntur‚
1201 2473 1286 2526 quem
1297 2471 1341 2520 ea,
1352 2472 1429 2524 quae

252 2527 418 2592 sequuntur.
455 2521 539 2586 Quod
557 2523 632 2576 enim
649 2521 791 2586 λσάζεσθαι
809 2522 1034 2592 interpretantur
1052 2524 1262 2593 ‚‚comparari“,.
1275 2538 1355 2577 error
1375 2529 1428 2590 est,

252 2607 338 2658 quum
357 2591 453 2656 potius
468 2589 506 2641 sit
518 2607 634 2658 „parem
651 2606 722 2654 esse,
738 2590 868 2644 haberi“.

286 2656 350 2777 ΓΡ.
360 2657 422 2777 (232,
434 2658 451 2710 5
464 2655 646 2777 Slqhweglero
663 2657 824 2726 adstipulor
841 2665 907 2727 post
924 2657 1112 2727 πεποιηκότας
1124 2657 1266 2712 excidisse
1280 2657 1425 2710 censenti:

252 2744 285 2778 κα
303 2744 346 2784 ως.
399 2742 419 2775 r.
433 2741 459 2776 v.
508 2767 514 2780 .

320 2791 350 2844 P.
363 2792 422 2855 253,
436 2792 450 2843 1
463 2793 565 2846 verba:
579 2797 617 2853 ελς
630 2791 677 2853 τάς
690 2795 720 2848 ἐν
733 2794 767 2866 τῇ
780 2791 908 2859 θαλάσση
921 2796 957 2845 πλ
978 2798 1042 2846 σίον
1055 2790 1139 2854 οὔσας
1151 2813 1171 2845 ιτ
1190 2790 1246 2862 γάς,
1262 2808 1335 2864 quae
1349 2807 1429 2860 repe-

251 2863 351 2910 tuntur
362 2875 389 2926 p.
401 2858 459 2922 254,
473 2860 489 2912 6
502 2865 588 2928 etque
601 2865 715 2912 exstant
728 2861 814 2912 etiam
826 2859 854 2911 iu
867 2813 996 2927 Epidii
1007 2858 1113 2928 LXIX,
1127 2815 1247 2913 liuidus
1257 2860 1286 2912 in
1299 2859 1429 2930 Recogn.

253 2925 301 2992 Vl,
316 2926 348 2977 15
362 2927 404 2978 sic
423 2926 493 2979 fecit
511 2927 611 2979 latine:
629 2927 675 2992 „in
693 2927 829 2994 lontibus,
848 2928 895 2997 qui
910 2927 1039 2996 contigui
1052 2928 1194 2980 habentur
1210 2926 1301 2979 mari“
1322 2933 1352 2980 et
1373 2927 1431 2992 „ed

252 2992 348 3044 fontes
374 2993 444 3045 meri
475 2994 656 3061 contiguos‘t.
693 2993 756 3046 Non
785 2993 945 3047 dubitarem
975 2994 1010 3047 de
1040 2997 1143 3048 mendo
1167 2994 1316 3063 postulare
1340 2995 1432 3047 verba

252 3074 366 3128 graece,
380 3060 404 3110 si
416 3060 487 3112 nihil
499 3060 579 3112 aliud
591 3057 755 3128 significare
773 3066 904 3128 possent:
926 3067 1036 3114 certum
1055 3068 1099 3115 est
1116 3061 1204 3126 enim,
1223 3063 1258 3115 de
1275 3060 1348 3115 mari
1365 3060 1430 3130 ipso

252 3141 316 3179 esse
330 3126 523 3194 cogitandum.
542 3127 582 3179 At
594 3127 779 3180 vocabulum:
794 3134 880 3200 πηγαὶ
893 3130 1023 3182 universe
1044 3132 1163 3200 ,aques“
1178 3127 1331 3198 siguificat,
1346 3132 1429 3197 cujus

251 3209 320 3246 usus
354 3193 415 3246 lura
427 3194 557 3263 exempla
570 3211 604 3248 ex
617 3194 710 3264 poetis
723 3195 816 3264 petita
829 3213 882 3251 con
905 3196 976 3250 essit
987 3197 1019 3250 R.
1061 3214 1166 3267 ogerus
1179 3197 1311 3251 Theben.
1327 3196 1431 3249 Pared.

251 3277 278 3329 p.
293 3210 403 3330 Μόνη,
417 3262 528 3315 scilicet
540 3279 629 3332 equas
644 3261 731 3330 vivas,
745 3263 781 3316 ed
793 3280 863 3334 ques
880 3214 1060 3317 denotandas
1074 3265 1149 3317 hunc
1163 3267 1332 3333 scriptorem
1346 3281 1430 3316 usum

252 3326 383 3382 essehoc
396 3329 459 3398 ipso
472 3330 622 3395 vocabulo,
636 3331 789 3384 ostendere
801 3339 922 3399 possunt
935 3331 1005 3396 loci,
1024 3349 1096 3401 quos
1110 3349 1173 3385 cum
1187 3349 1232 3395 eo,
1248 3333 1285 3384 de
1298 3348 1355 3402 quo
1368 3333 1431 3400 agi-

251 3412 323 3460 mus,
337 3397 499 3465 composuit
511 3397 689 3452 Uhlhornius
702 3397 719 3451 l.
733 3414 757 3450 o.
769 3415 795 3466 p.
809 3399 850 3452 98.
863 3429 897 3436 -
909 3398 942 3451 V.
957 3399 972 3451 7
986 3416 1048 3468 sqq.
1062 3399 1155 3452 minus
1168 3406 1235 3468 apte
1248 3398 1429 3452 Dresselium

252 3462 287 3516 de
300 3464 467 3532 conjectura
479 3464 617 3518 edidisse:
635 3464 681 3519 διὸ
695 3465 751 3538 πρὸ
766 3464 880 3521 πάντων
890 3471 930 3550 με’
952 3475 1039 3534 νησθε
1051 3467 1213 3522 ἀπόστολον
1228 3465 1242 3533 ἡ
1255 3464 1430 3520 όιιλάσκαλον

251 3526 268 3598 ἡ
281 3529 430 3602 προφήτην
446 3531 562 3604 φεύγειν
576 3532 616 3605 μή
639 3531 779 3605 πρότερον
793 3488 1140 3618 [ιῖκριβωςήάίντιβάλλοιιτα
1158 3533 1244 3588 αὐτοῦ
1257 3533 1288 3588 τὸ
1300 3533 1370 3609 κήρυ
1381 3554 1430 3588 ἰτα

250 3597 369 3678 Ἰακώβῳ
382 3630 416 3638 -
427 3606 472 3654 καλ
487 3598 558 3670 μετὰ
569 3599 719 3674 μαρτύρων
731 3607 961 3672 προσεληλυθοτα
974 3600 1046 3672 πρὸς
1058 3603 1139 3676 ὑμᾶς,
1159 3601 1270 3654 monuit
1283 3603 1345 3670 jam
1359 3556 1429 3656 idhi-

251 3663 369 3718 hermus
382 3666 400 3718 l.
414 3682 437 3718 o.
455 3685 480 3735 p.
494 3668 553 3732 362,
567 3669 630 3720 adn.
645 3670 667 3720 1.
702 3667 855 3722 Debentur
872 3675 967 3722 autem
982 3669 1133 3724 Dresselio
1154 3669 1244 3722 verbe
1261 3668 1379 3740 φεύγειν
1401 3675 1431 3722 et

251 3732 374 3814 άνριβιός,
387 3751 444 3812 quo
456 3734 617 3802 posteriore
631 3735 774 3802 lacunam,
794 3751 867 3806 quae
885 3735 974 3790 estin
994 3737 1095 3790 codice
1113 3735 1152 3799 Ο,
1174 3735 1345 3815 explendam
1364 3751 1430 3790 esee

251 3806 434 3854 errstrmavrt.
470 3799 528 3854 Sed
545 3818 639 3872 neque
653 3819 696 3869 ea,
709 3820 784 3872 quae
803 3803 980 3874 excogitavit
996 3803 1188 3866 Uhlhornius,
1211 3803 1280 3856 ferri
1299 3809 1431 3872 possunt

922 3871 928 3889 1

252 3866 384 3937 Conjecit
397 3867 470 3921 enim
482 3867 677 3923 scribendum:
690 3901 723 3910 -
736 3892 816 3942 προφ
825 3870 885 3940 ’την
893 3895 915 3946 μ
944 3872 1084 3944 πρότερον
1098 3870 1298 3944 [ἀποδέχεσθαι
1309 3869 1334 3944 ἡ]
1350 3871 1430 3926 ἀντι-

250 3935 385 4004 ῥάλλυντα
401 3941 468 3989 cett.
497 3936 640 4022 Equidem
662 3939 757 3992 locum
777 3940 806 3991 in
818 3895 896 3993 iane
918 3896 979 3994 iere
1002 3942 1126 4008 speciem
1145 3938 1346 4007 refingendum
1364 3955 1430 3992 esse

251 4004 434 4057 arbitrem-
447 4025 562 4075 προφητ
581 4005 924 4078 νμὴπροσιλέχεσθαι
939 4010 1059 4076 ἕτερον
1075 4005 1091 4074 ή
1110 4007 1169 4062 τόν
1187 4005 1431 4075 παρεστηκότα

250 4069 448 4140 άντιράλλοντα
461 4076 528 4124 cett.
563 4028 612 4127 gio
627 4075 739 4126 demum
756 4081 835 4128 recte
854 4073 942 4128 habet
959 4075 1141 4143 perticipium
1160 4072 1334 4142 praesentis:
1349 4075 1429 4129 ἀντι-

250 4136 391 4206 βάλλοντα.
425 4139 581 4194 Praeterea
599 4141 702 4210 liquet,
740 4158 803 4194 uem
822 4158 889 4210 egre
912 4141 937 4196 ‘e
951 4140 1143 4209 παρεστηκότα
1155 4142 1278 4211 quadret
1291 4141 1379 4194 etiem
1392 4143 1430 4194 ed

252 4220 375 4283 sequens
397 4206 634 4278 προσεληλυθότα.
659 4239 692 4248 -
741 4208 857 4278 .14αα.
910 4210 1045 4262 resselius
1071 4208 1282 4277 Schweglerum
1308 4215 1429 4262 secutus

252 4277 379 4340 scripsrt:
397 4273 433 4333 ὠς
449 4270 500 4327 οὖν
516 4275 584 4348 ἡμῖν
603 4275 654 4331 τόν
668 4281 785 4350 Σίμωνα
806 4275 925 4344 ὑπέβαλε
944 4276 1082 4349 προφάσει
1100 4277 1230 4345 ἀληθείας
1247 4275 1290 4328 ἐπ’
1305 4275 1429 4348 ὀνόματι

252 4342 303 4393 τοῦ
313 4345 408 4406 κυρίου
421 4341 500 4409 ὑμῶν
511 4342 699 4416 κηρύσσοντα,
716 4341 823 4411 πλάνην
841 4363 870 4398 τε
888 4345 1081 4418 ίνσπείροντα.
1116 4345 1156 4397 At
1177 4345 1297 4413 primum
1321 4344 1429 4398 vellem
