3162 4900
248 381 312 444 262
556 391 585 438 s.
602 389 800 439 wmsnumu
811 391 1118 442 ευιεοειτιυιιιεε.

250 539 395 611 ambigere
407 537 490 603 licet,
503 541 596 590 utrum
608 535 730 606 ἀποδοίη
742 551 779 588 an
796 535 905 606 ἀποδῷ,
918 554 990 606 quae
1004 543 1049 590 est
1062 538 1123 592 eod.
1138 537 1168 592 C.
1183 538 1287 606 lectio,
1322 540 1429 594 enuina

250 607 383 663 habenda
401 605 440 658 sit
460 603 606 674 scriptoris
621 619 730 681 manus.
768 601 825 656 cfr.
844 603 970 658 Lobeok.
990 604 1027 658 ad
1044 605 1198 674 Phrynich.
1218 625 1245 676 p.
1333 624 1375 676 sq.
1393 641 1429 648 -

250 675 373 731 Gravius
386 672 519 726 mendum
531 672 607 724 inest
620 687 650 723 rn
662 670 813 739 postremis
825 671 927 725 verbis.
963 670 1039 735 Quid
1052 672 1141 739 enim,
1156 691 1276 742 quaeso,
1296 674 1352 727 sibi
1365 675 1429 727 vult

250 743 352 796 dictio:
377 741 428 796 τὸν
445 744 533 796 αῖωνα
552 744 600 808 τρέ
617 759 654 802 ει,
678 753 761 805 quam
781 737 1020 806 interpretantur:
1046 779 1063 806 ‚,
1090 741 1211 794 ercurrit
1231 739 1428 795 saeculum“?

249 809 352 865 Procul
364 807 450 862 dubio
462 759 656 877 reponendum
668 809 726 883 est:
747 803 796 860 τὸν
807 806 1029 884 ἀγῶναιτρέχει.
1065 758 1121 861 gir.
1135 826 1162 876 p.
1175 809 1234 875 276,
1248 810 1281 862 10
1294 827 1337 879 sq.

317 877 348 930 Ρ.
361 877 403 942 89,
416 871 867 940 9Dunckerusscr1ptumfuisse
880 875 1038 927 existimat:
1053 874 1086 929 τά
1099 879 1144 945 τῷ
1159 878 1228 944 Θεῷ
1242 877 1428 948 διαφέροντα,

249 950 282 998 ut
293 963 322 1014 p.
335 945 378 1009 50,
393 943 431 994 18.
444 973 478 981 -
495 941 530 995 V.
547 941 579 992 14
592 957 653 1010 sqq.
667 956 739 1009 quae
753 940 888 1010 leguntur
899 941 999 996 verba:
1019 941 1034 1010 ἡ
1047 945 1100 1010 μὲν
1113 940 1165 997 οὖν
1177 944 1207 996 έν
1217 951 1364 1013 γεννητοῖς
1397 964 1428 996 υ-

250 1015 353 1067 ναικῶν
374 1007 455 1073 οὖσα,
478 1009 516 1069 ὥς
536 1007 634 1086 θήλεια
655 1010 707 1060 τοῦ
728 1011 780 1062 νῦν
800 1007 910 1080 κόσμου
935 1013 1173 1086 ἐπαγγελλομένη,
1196 1008 1329 1080 άρσενικὴ
1355 964 1428 1066 εἶναι

251 1075 438 1133 πιστεύεσθαι
449 1080 539 1139 θέλει,
557 1073 726 1158 comgenda
744 1091 807 1129 esse
823 1074 957 1129 videntur
974 1092 1007 1129 ex
1019 1074 1064 1127 his
1076 1076 1174 1145 paullo
1186 1081 1268 1142 ente,
1286 1093 1313 1130 r.
1325 1077 1342 1128 6
1356 1093 1430 1146 sqq,

250 1144 368 1216 positis:
387 1144 455 1211 αὕτη
475 1144 525 1197 τοῦ
544 1145 596 1199 νῦν
612 1159 722 1223 κοσμρυ
740 1141 777 1202 ὡς
793 1140 893 1210 θήλεια
910 1143 1012 1216 ὁμοίου
1027 1142 1152 1214 άρχουσα
1168 1142 1265 1213 πρώτη
1284 1148 1432 1216 προφῆτις

253 1216 323 1268 εἶναι
345 1217 543 1272 πεπίστευται,
571 1208 643 1282 μετὰ
664 1227 778 1262 παντων
800 1212 856 1264 τῶν
874 1213 905 1265 ὲν
923 1219 1069 1282 γεννητοῖς
1087 1217 1228 1280 γυναικοῖν
1249 1217 1431 1283 προφητείαν

252 1279 483 1350 ἔπάγγελλομένη.
518 1276 618 1345 Neque
640 1274 715 1328 enim
739 1274 883 1328 satisfacit
906 1279 1071 1346 conjectura
1094 1276 1224 1342 Davisii,
1244 1276 1430 1330 scribendum

255 1363 318 1400 esse
332 1343 491 1399 censentis:
506 1347 550 1413 τῷ
562 1348 614 1398 νῦν
626 1341 751 1412 κόσμῳ.
781 1341 904 1396 Videtur
914 1349 1010 1397 autem
1023 1353 1089 1423 post
1102 1349 1310 1418 ἐπαγγελλομέν
1340 1344 1429 1398 inter-

252 1413 358 1467 cidisse
368 1411 538 1466 vooabulnm
547 1409 672 1478 aliquod,
686 1425 721 1461 ex
731 1425 785 1478 quo
796 1409 933 1478 penderet
943 1410 1088 1481 genitrvus
1104 1414 1154 1466 τοῦ
1163 1411 1280 1484 κόσμου.
1306 1367 1430 1480 ὅρίιιοτι

253 1475 1428 1600 ²²0²:tre:teterrinum:1³:115:retrussiruri·

255 1585 441 1668 Scribendim
454 1629 529 1666 esse:
548 1615 582 1667 ἒν
601 1562 798 1686 ίμμηνίΙάις,
817 1567 930 1680 piaetger
948 1581 992 1664 rire
1009 1567 1082 1665 vidilt¹
1100 1568 1190 1666 gtiani
1198 1568 1428 1666 Dunckgilusssc'

254 1681 288 1736 V.
301 1681 334 1734 13
347 1699 360 1732 s
382 1719 397 1746 .‚
410 1679 578 1733 manifestus
592 1695 668 1731 error
681 1682 725 1730 est
738 1677 768 1729 in
781 1678 920 1747 scriptura
933 1679 993 1732 cod.
1008 1677 1039 1731 Ο.
1053 1677 1230 1732 eDresselio
1244 1677 1381 1732 exhibita.

322 1747 353 1800 P.
362 1697 408 1812 01,
421 1747 438 1799 3
449 1746 619 1798 Dunckerus
633 1746 720 1798 verba
731 1747 779 1799 ἐπὶ
792 1749 832 1814 τῷ
844 1745 879 1799 de
891 1745 994 1800 mendo
1006 1751 1141 1816 suspecta
1153 1745 1255 1812 habet,
1269 1746 1428 1799 secundum

256 1813 362 1868 Genes.
373 1813 400 1878 4,
413 1815 427 1866 7
442 1812 609 1883 corrigenda
622 1829 685 1865 esse
699 1828 827 1865 censens.

322 1880 357 1934 V.
370 1881 412 1946 92,
424 1881 441 1934 5
456 1885 584 1948 praestat
601 1879 662 1932 cod.
675 1877 707 1933 Ο.
720 1878 860 1948 scriptura
872 1878 943 1940 ὅλος.
961 1911 995 1919 -
1016 1879 1050 1934 V.
1064 1881 1097 1934 15
1113 1879 1282 1933 Dunckerus
1300 1879 1430 1933 animad—

255 1947 340 2002 vertit
352 1964 402 2016 pro
414 1945 496 2018 λόγος
507 1946 661 2016 legendum
673 1962 750 1998 esse:
768 1947 861 2018 λόγῳ.
885 1947 985 2014 Recte,
1000 1946 1088 2016 einp.
1101 1949 1143 2012 9⁶2,
1159 1948 1197 1999 11.
1210 1978 1244 1986 -
1262 1946 1296 2000 V.
1310 1947 1342 2000 17
1361 1953 1429 2016 post

256 2015 365 2071 ὁπόταν
376 2013 557 2067 intercidisse
570 2013 694 2066 videtur:
711 2012 772 2084 γάρ.

321 2083 353 2135 Ρ.
365 2082 431 2148 93,2
444 2079 505 2133 fieri
517 2085 622 2149 potest,
636 2087 668 2132 ut
681 2079 720 2142 τά,
731 2081 808 2149 quod
820 2081 940 2150 praebet
952 2081 1014 2134 cod.
1026 2079 1058 2148 Ο,
1072 2087 1237 2150 corruptum
1247 2081 1285 2133 sit
1295 2097 1343 2134 ex:
1358 2083 1425 2136 εἶτα.

322 2149 354 2202 Ρ.
367 2148 439 2213 94,8
456 2165 510 2216 ego
531 2147 651 2200 formam
668 2147 849 2216 βαστάξαντες
866 2149 913 2211 (de
931 2165 987 2218 qua
1005 2148 1055 2204 cfr.
1070 2147 1104 2200 G.
1119 2145 1287 2202 Dindorfius
1305 2148 1335 2199 in
1349 2147 1429 2201 The-

256 2233 330 2270 saur.
344 2214 478 2284 Stephan.
493 2215 529 2268 ed
555 2213 657 2278 Paris.)
675 2231 704 2267 re
725 2215 884 2268 udiaverim
897 2220 926 2269 et
941 2215 1141 2283 βαστάσαντες,
1161 2216 1239 2284 quod
1258 2219 1303 2268 est
1321 2215 1351 2266 in
1365 2217 1429 2268 cod.

257 2283 289 2350 Ο,
299 2284 328 2336 in
340 2288 449 2336 textum
461 2283 626 2351 receperim.
643 2313 677 2321 -
723 2325 729 2336 .
742 2283 773 2334 19
786 2284 861 2336 inter
873 2283 961 2337 verba
974 2281 1017 2338 ὅτι
1030 2288 1059 2337 et
1070 2283 1272 2354 ἀδικουμένους
1285 2281 1427 2336 excidisse

256 2351 370 2404 videtur
383 2349 535 2402 articulus:
555 2349 640 2410 τοὺς.

322 2418 355 2470 P.
368 2416 410 2484 95,
423 2415 457 2468 14
469 2424 575 2470 certam
588 2416 718 2470 existimo
729 2414 838 2468 Davisii
851 2417 1051 2486 conjecturam,
1065 2432 1117 2486 pro
1127 2418 1157 2472 ἓν
1169 2415 1345 2488 ἀνυδροβίοις
1357 2415 1429 2469 scri-

257 2485 384 2540 bendum
399 2501 463 2537 esse
476 2485 633 2538 censentis:
648 2487 661 2539 ὲ
668 2484 729 2538 νυδ
736 2483 813 2552 <icti
818 2507 846 2538 οι
856 2505 875 2545 ς.

324 2551 356 2603 P.
368 2551 410 2618 96,
422 2551 439 2603 5
451 2566 511 2619 sqq.
524 2551 677 2619 legendum
697 2567 840 2618 propono:
862 2548 938 2604 πόσα
951 2551 982 2604 δὲ
1000 2553 1047 2618 τῆς
1059 2554 1166 2621 χέρσου
1181 2553 1248 2615 ζῶα,
1261 2557 1306 2604 καὶ
1325 2553 1382 2605 τοῖν
1400 2552 1430 2604 ἐν

257 2617 358 2673 ὕδασιν
371 2616 408 2678 ὡς
419 2617 559 2672 ἀδύνατον
572 2623 705 2673 εἰπεῖν-
715 2617 812 2688 δχλον1
826 2649 859 2656 -—
871 2617 905 2670 V.
920 2618 952 2669 16
964 2616 1080 2670 verbum
1091 2619 1243 2682 revenirent,
1258 2617 1431 2686 quodDres-

257 2685 344 2740 selius
358 2701 392 2738 ex
406 2685 468 2738 cod.
482 2685 515 2738 0.
527 2685 644 2753 recepit,
658 2685 726 2738 ferri
739 2684 853 2738 omnino
867 2700 923 2736 non
936 2689 1037 2751 potest.
1059 2683 1120 2736 Aut
1130 2685 1271 2738 servanda
1286 2683 1394 2738 codicis
1409 2682 1431 2736 C

260 2753 402 2820 scriptura
413 2755 550 2815 κενοῦται,
563 2758 613 2804 aut
624 2751 821 2806 scribendum:
833 2753 1003 2806 κινοῦσιν,

326 2820 357 2872 P.
371 2820 412 2887 97,
424 2820 441 2872 3
453 2835 504 2886 pro
518 2818 636 2873 πλάσσει
654 2818 836 2872 scribendum
849 2824 902 2872 est:
922 2815 1120 2872 attinuerat.
1138 2849 1171 2856 -
1188 2817 1222 2871 V.
1236 2819 1268 2872 17
1287 2833 1428 2886 reponen-

260 2887 326 2940 dum
340 2891 400 2939 erat
412 2885 595 2955 εὐγνωμόνως
608 2902 622 2938 e
636 2886 697 2938 cod.
712 2885 744 2939 Ο.
1171 2935 1178 2948 ,

325 2952 356 3005 Ρ.
368 2952 402 3004 98
424 2953 440 3004 2
456 2954 485 3004 in
498 2952 604 3004 verbis:
618 2951 665 3006 ἐὰν
676 2953 796 3021 ἐπιγνῷς
809 2949 842 3006 δν
852 2953 959 3014 ἔλαθες,
975 2957 1075 3019 aperte
1088 2952 1222 3005 mendum
1233 2950 1322 3017 inest,
1342 2953 1427 3020 cujus

259 2992 506 3138 corrigenvtii3ratqo
517 3017 655 3136 iaciqlinqq
667 3019 739 3139 μειερ
753 3024 805 3085 est,
821 3023 853 3070 ut
864 3035 916 3138 ppo
929 3016 1071 3138 dqitiuore
1083 3016 1316 3140 repoqatturzdb'q)
1327 3019 1422 3140 itaq(
1415 3024 1432 3074 ί

261 3103 357 3141 σε.-
402 3101 539 3136 .m1s
589 3101 622 3136 ac
672 3101 720 3138 ver
743 3101 872 3139 orumeo
898 3102 991 3139 ocao
1044 3102 1184 3138 uamsrsi
1216 3102 1278 3140 co.
1320 3115 1378 3135 .-
1423 3124 1429 3136 .

259 3152 292 3206 14
307 3150 472 3218 recipienda
493 3102 722 3219 egratpEpitomes
744 3151 846 3221 prioris
866 3105 1095 3222 seripturd:qrtv
1116 3151 1246 3207 ἀνωτάτω
1268 3158 1314 3208 καὶ
1337 3151 1432 3207 πάντα

259 3222 418 3292 δυναμένην
441 3216 588 3288 πρόνοιαν,
606 3218 652 3271 cui
669 3221 756 3272 etiam
773 3219 854 3273 codd.
869 3218 891 3272 C
904 3226 933 3273 et
946 3218 969 3271 0
988 3219 1093 3274 favent.
1111 3219 1265 3288 Reperitur
1278 3235 1313 3272 ea
1324 3218 1390 3288 ipsa
1402 3219 1433 3271 in

260 3286 336 3355 Epit.
347 3285 427 3340 alter.
441 3283 470 3338 O.
483 3285 620 3339 XXXVI.
631 3317 666 3326 -
676 3286 711 3340 V.
725 3287 758 3340 15
770 3286 934 3340 Dresselius
947 3285 1078 3340 exhibuit
1090 3286 1197 3341 codicis
1212 3285 1234 3338 C
1247 3285 1434 3354 scripturam:

258 3360 304 3410 καὶ
323 3357 438 3414 πολλοῖς
449 3359 561 3427 μυρίοις
576 3357 714 3424 χαλεποῖς
732 3353 915 3426 ὑποκείμενος
930 3353 1066 3418 πάθεσιν,
1083 3371 1141 3406 non
1153 3353 1244 3422 magis
1264 3369 1325 3406 eam
1337 3351 1434 3406 feren-

261 3421 326 3474 dam
342 3438 427 3491 quam
444 3421 520 3490 quod
538 3419 568 3471 in
585 3421 648 3473 cod.
662 3419 683 3474 C
702 3427 730 3474 et
746 3421 775 3473 in
789 3421 871 3474 codd.
884 3421 961 3500 Epir.
974 3421 1023 3473 Dr.
1037 3419 1190 3490 reperitur:
1200 3425 1245 3474 καὶ
1258 3425 1376 3480 πολλοῖς
1389 3425 1436 3474 καὶ

259 3493 391 3608 triti.
409 3487 628 3607 itiitere?
645 3487 851 3624 bituiti
862 3492 1435 3623 Βὲἀάἶάἔῦἓίῗέἀὲἓέ0666ξῖ1ίέἶίῗῖ

260 3622 338 3703 Ergo
350 3621 488 3674 alterutra
499 3621 718 3675 transmittenda
730 3621 792 3674 erit.
813 3653 847 3660 —
864 3621 898 3674 V.
912 3623 945 3674 16
957 3639 999 3692 sq.
1012 3637 1085 3689 quae
1098 3623 1234 3690 leguntur
1246 3622 1346 3674 verba:
1364 3615 1436 3676 ὅθεν

261 3707 363 3741 τουτου
376 3689 539 3756 δειχθέντος
551 3686 608 3742 ἀπὸ
623 3691 679 3742 τῶν
690 3691 819 3762 γραφῶν,
833 3687 869 3748 ὡς
880 3688 933 3758 ἐγὼ
945 3693 1021 3759 λέγω,
1043 3690 1135 3761 ἕτερος
1152 3687 1284 3765 ἀγράφως
1307 3693 1435 3758 περιλεί-

263 3773 344 3808 πεται
364 3756 447 3818 εῖναι,
469 3753 681 3824 προγνωστικὸς
698 3761 778 3821 cett,
796 3771 853 3807 non
871 3771 934 3808 esse
952 3771 1022 3807 sana
1038 3760 1165 3822 apparet.
1200 3755 1310 3808 Dubrto
1328 3759 1436 3822 autem,

261 3838 329 3873 num
342 3818 516 3889 Schwegleri
533 3823 712 3890 conjectura:
733 3820 870 3893 ἀγραφος,
892 3822 1071 3874 admittenda
1083 3819 1128 3874 sit.
1154 3821 1210 3875 Sed
1223 3839 1310 3901 quum
1323 3823 1388 3876 cod.
1402 3819 1437 3874 Ο.

261 3887 337 3957 Epit.
355 3887 405 3941 Dr.
422 3905 475 3955 pro
489 3894 678 3958 περιλείπεται
689 3889 831 3958 porrigat:
851 3895 1027 3962 περίληπται,
1046 3889 1112 3942 vide
1133 3905 1171 3941 an
1183 3894 1320 3956 scnptum
1333 3889 1438 3941 fuerit:

256 3959 364 4029 ’περι-λ
391 3953 477 4016 πτός
489 3958 574 4018 ἔστι,
589 3955 715 4024 „percipi
726 3961 848 4024 potest.“

326 4023 358 4075 P.
369 3978 411 4089 09,
427 4024 440 4074 1
454 4039 495 4092 sq.
509 4024 586 4092 quod
602 4023 710 4076 editum
729 4029 785 4076 est:
808 4030 868 4084 τοῖς
884 4025 1021 4084 ἐναντίοις
1039 4022 1242 4094 ἀντικείμενος,
1264 4021 1438 4075 sententiam

206 4151 210 4158 .
264 4104 427 4174 perversam
438 4090 565 4159 praebet.
595 4089 659 4144 Jam
673 4107 759 4159 quum
772 4091 834 4144 cod.
848 4089 872 4142 Ο
886 4090 990 4142 Homil.
1004 4095 1033 4143 et
1047 4090 1107 4142 cod.
1123 4088 1235 4157 OEpit.
1248 4088 1369 4142 alterius
1383 4106 1437 4158 pro

263 4163 452 4226 ἀντικείμενος
464 4155 602 4210 habeant:
617 4157 808 4229 ὑποκείμενος,
820 4173 875 4226 ego
885 4156 1007 4226 conjicio
1015 4157 1096 4211 binas
1105 4157 1250 4210 exstitisse
1263 4155 1435 4224 scripturas:

224 4227 227 4232 “
266 4219 520 4293 ἂντικείμενοςμθῢε
535 4233 593 4285 τοῖς
605 4225 741 4284 ἐναντίοις
753 4222 945 4297 ὑποκείμενος.

331 4285 363 4338 Ρ.
377 4289 434 4355 100,
446 4290 463 4341 9
474 4289 640 4358 recipienda
652 4306 715 4344 esse
726 4291 839 4344 videtur
855 4292 1004 4361 utriusque
1017 4289 1162 4370 Epitomer
1181 4288 1338 4356 scriptura:
1363 4309 1436 4360 προ-

266 4355 436 4418 aree-v.
443 4356 475 4406 12
488 4355 575 4423 digna
586 4364 709 4424 nonest,
722 4373 795 4426 quae
808 4363 959 4426 spernatur
969 4373 1092 4425 omnmo,
1102 4357 1181 4410 varia
1191 4355 1292 4412 lectio:
1307 4355 1343 4412 σὺ
1356 4356 1434 4430 ὠμο-
