3126 4894
244 319 308 384 226
716 331 945 383 mmmm

246 489 363 588 χθώσιν
370 491 420 549 τοῦ
432 484 589 564 ἀνθρώπου
598 483 698 546 τούτου
713 485 744 546 αι’
757 479 841 546 ἀκοαὶ
847 481 914 586 ⁸⁸⁸⁸.
918 509 943 546 οι
939 479 1147 588 ’ὀρθαλμολ
1131 507 1175 548 οτι
1189 507 1224 546 συ
1210 481 1369 554 ““’ἐίπας
1348 501 1424 564 απερ

249 571 285 633 ἀν
301 569 429 669 αι’τησῃτε
443 567 617 640 πιστεύοντες
635 567 790 649 λήψεσθε,Ι
808 565 855 630 καὶ
878 567 947 646 αὕτη
968 593 1020 630 σου
1039 565 1056 648 ἡ
1079 568 1229 648 ἐπαγγελία
1248 570 1414 647 διαμενει’
1384 594 1426 640 εις

249 655 359 718 αι’ώναὸ
374 655 483 724 αι’ὠνος.
503 648 549 715 καί
570 649 651 754 ηνίκα
672 651 776 722 πάντες
794 652 919 714 εἶπον
891 677 924 714 το
943 651 1030 732 ἀμὴν,
1050 653 1266 755 διηνοίχθησαν
1268 651 1379 724 εύθέως
1398 654 1428 716 οἱ

247 733 442 820 ορθαλμοιδ
411 737 549 842 ..ὶισιννιὸν
567 731 615 798 καὶ
634 735 665 798 ιιί
683 735 775 798 ἀκοαί.
796 736 861 799 ι’δών
876 734 905 799 δύ
923 736 972 799 τὸν
991 735 1069 817 ἀγιον
1085 733 1266 816 Κλήμεντα
1252 761 1269 798 ο
1283 738 1427 808 Σισίννιος

239 823 411 924 -ίστάμενον
411 821 462 884 σὺν
481 824 515 898 τῃ”
530 821 630 883 ἑαυτοῦ
649 845 752 900 γυναικι
744 816 868 900 ἐξέστη
888 825 922 900 τῇ
943 822 1053 900 διανοιᾳ
1067 820 1253 902 λογιζόμενος,
1268 821 1299 882 τί
1309 821 1369 899 ἄρα
1383 817 1426 902 είῃ

248 911 340 978 τουτο,
364 901 411 1008 καὶ
425 903 553 968 ύπυνοών
567 903 610 967 ὅτι
630 915 768 986 γοητικαῑς
781 905 890 984 τέχνας
903 905 1099 984 έμπίπιιικτιιι,
1114 903 1221 985 ἤρξατο
1235 903 1350 1008 κελεύειν
1364 913 1427 1003 τοῖς

250 987 403 1060 δούλοις
370 989 456 1052 αυτοῖι
474 1013 522 1050 και
514 984 639 1093 ’λέγειν’
656 988 815 1069 κρατίσιιτε
834 987 990 1094 Κλημεντα
1004 987 1053 1051 τὸν
1068 989 1228 1062 ἐπίσκοπον,
1244 987 1336 1052 616⁸
1305 1015 1359 1071 γαρ
1373 993 1426 1051 τοῦ

248 1073 458 1152 εισελθεῖνπρὸς
464 1071 513 1154 τὴν
523 1070 640 1154 γυναῖκά
647 1097 701 1150 μου
712 1077 744 1153 τῃ
752 1077 853 1154 μαγικῃ
860 1073 945 1135 αὐτού
947 1075 1035 1176 τέχνῃ
1044 1072 1093 1154 τὴν
1098 1072 1427 1176 πήρωσόμοιέπύηχαγεν.

335 1157 461 1262 CLXX
504 1155 617 1218 Ἐκεινοι
637 1152 666 1219 δὲ
688 1156 714 1218 οιι
734 1157 953 1228 κελευθέντες“
927 1182 976 1220 τον
992 1155 1145 1236 Κλύμεντα
1164 1167 1315 1237 κατασχεῖν
1329 1154 1426 1220 τεκαὶ

248 1240 338 1320 σύρειν
358 1241 423 1312 τοὺς
441 1239 578 1320 κειμένους
597 1238 713 1310 στύλους
732 1245 895 1320 δεσμούντες
916 1238 1018 1312 είλκυν,
1037 1239 1105 1304 ποτὲ
1122 1239 1172 1320 μέν
1193 1241 1352 1304 ἕνδοθεν’
1325 1267 1365 1312 εις
1386 1239 1426 1304 τά

249 1326 312 1399 ξω,
327 1349 396 1388 ποτε
387 1323 469 1387 ’δὲ’
454 1349 484 1387 εκ
497 1329 553 1386 τών
568 1324 665 1398 ἔξω
637 1347 676 1394 εις
690 1324 728 1386 τὰ
742 1325 812 1386 ὅσοι·
831 1329 914 1388 τούτο
929 1321 959 1388 δὲ
973 1349 1020 1386 και
1036 1323 1112 1402 αὐτῷ
1127 1349 1167 1402 τῳ
1182 1325 1312 1403 Σισιννίῳ
1326 1324 1425 1399 ἐδόκει,

249 1408 359 1488 ὅτιπερ
379 1410 427 1472 τὸν
450 1407 527 1490 ἀγιον
546 1406 697 1522 Κλνημεντα
715 1407 855 1488 δεδεμένον
875 1410 1034 1488 κατεχουσιν
1053 1434 1100 1472 και
1091 1387 1250 1472 ’ἕλκουσιν
1273 1409 1344 1489 πρὸς
1357 1405 1424 1474 όνὸ

251 1489 329 1574 ἅμα·
344 1492 472 1598 Κλόννε
475 1492 593 1556 66⁷¹

251 1575 389 1656 ι’πειδὴ’
360 1603 413 1658 γαρ
427 1577 494 1648 τούς
507 1578 607 1648 λίθους
621 1539 786 1650 6656464⁸7
759 1603 827 1640 ειναι
842 1543 938 1651 θεόύς,
953 1578 1053 1648 λίθους
1052 1577 1155 1682 σύρειν
1169 1576 1350 1680 κεκληρωσαι.

336 1660 479 1720 CLXXI.
500 1662 619 1731 Ἐκεῖνος
633 1656 698 1723 δὲ
677 1686 718 1732 ως
727 1665 816 1741 δῆθεν
827 1664 971 1760 δεδεμένου
981 1665 1030 1722 τού
1042 1659 1123 1742 ἀγίου
1133 1661 1310 1741 καυχώμενος
1321 1662 1424 1772 ε’λεχεν

253 1743 306 1844 ἐγώ
320 1769 352 1808 σε
366 1749 437 1807 ποιῶ
452 1747 491 1816 εἰς
505 1743 675 1847 ὑπόδειγμα
671 1743 787 1810 πόντων
802 1749 857 1808 τῶν
871 1749 977 1850 γοητών
992 1744 1185 1852 ἀναιρεθῆναι,
1208 1771 1360 1825 τηνικαυτοι
1375 1743 1426 1810 οὸν

253 1825 270 1890 6
286 1827 363 1927 ὅγιος
377 1828 493 1909 Κλημης
507 1829 675 1929 δεδωκώς’
649 1853 730 1932 ευχην
749 1856 796 1891 και
788 1825 1005 1912 “εύλογησας”
978 1854 1028 1932 τῃν
1049 1831 1152 1893 ε’κεύου
1165 1827 1310 1912 σι’·μβιον’
1293 1829 1426 1934 απῴχετο

251 1917 334 1975 τοῦτο
349 1911 536 2016 ἐντειλάμενος
551 1913 631 1992 αύτῃ,
645 1909 682 1993 μὴ
696 1913 869 1976 παύσασθαι
883 1915 916 1976 τὸ
933 1911 1072 1992 παράπαν
1090 1917 1140 1995 τῆς
1140 1917 1315 2012 προσευχῆς,
1329 1916 1427 2018 μέχρις

252 1994 287 2058 ἀν
302 1997 352 2077 τὴν
366 2021 426 2077 παρ
450 1996 536 2059 αὐτοῦ
551 1995 726 2097 έπίσκεψινό
744 1997 890 2104 Κύριος’
863 2021 902 2069 εις
916 1998 965 2061 τὸν
980 1997 1115 2077 ἀνδρα’
1082 2002 1169 2079 ἀυτῆς
1182 1997 1374 2105 καταξιώσχ’
1357 2024 1426 2061 ανα-

251 2081 349 2154 δεῖξαι.
370 2079 500 2159 κλαιούσῃ
519 2081 609 2142 τοίνυν
629 2105 676 2142 και
696 2081 825 2180 εὐχομένη
845 2107 878 2184 τῃ
904 2080 1041 2183 Θεοδώρᾳ
1057 2083 1129 2160 πρὸς
1142 2081 1263 2162 εσπόναν
1277 2082 1368 2164 έφάνη
1382 2108 1427 2156 τις

252 2163 322 2245 ἀνὴρ
340 2190 373 2244 τῃ
363 2167 479 2244 ’πολιᾷ
498 2164 636 2244 αἰδέσιμος
658 2190 706 2226 και
697 2160 811 2228 εἶπεν
830 2165 876 2227 διά
894 2192 926 2229 σε
947 2163 1020 2269 ὑγιῃς
1039 2163 1153 2230 ἕσταιό
1173 2165 1361 2241 Σισόνιος,
1343 2192 1427 2240 οπως

251 2245 421 2354 πληρωθῃ”
404 2273 474 2328 οπερ
493 2249 544 2330 ἔφη
564 2247 581 2311 6
599 2247 722 2352 ἀδελφός
738 2275 793 2329 μου
813 2249 960 2320 Παυλος
949 2276 965 2312 ο
984 2249 1155 2349 ἀπόστολος
1182 2248 1311 2332 αγιασθτ
1311 2275 1392 2314 σεται
1406 2250 1425 2314 6

253 2331 324 2437 ἀνὴρ
342 2332 359 2396 6
365 2331 497 2438 ,6⁷uuw4·
516 2333 562 2397 διὰ
580 2332 629 2414 τὴν
647 2343 765 2438 γυναῖκα
786 2334 834 2417 τὴν
846 2334 973 2438 πιστη’ν1
995 2331 1042 2397 καὶ
1061 2337 1153 2398 ταῦτα
1171 2335 1257 2398 εἰπών
1273 2336 1341 2410 ἐξ
1326 2355 1425 2442 υτγεως

252 2418 340 2499 αὐτῆς
354 2416 534 2498 ἀνεχώρησεν.
548 2416 852 2500 ὅθεν.α’ναμιῃίβολονι
841 2413 958 2499 υπάρχει
976 2445 1023 2481 και
1015 2415 1208 2514 ’κατάδηλυν,
1223 2419 1272 2482 τὸν
1286 2418 1426 2500 μακάρων

252 2505 338 2566 ἐκεῖσε
354 2503 506 2579 Πέτρον“
479 2527 528 2564 τον
544 2499 703 2565 ἀπόστολον
717 2528 847 2584 φανηναε

337 2586 495 2646 CLXXII
539 2581 601 2648 Και
621 2586 656 2690 δὴ
678 2587 795 2666 ε’ξαυτης
809 2585 1019 2650 ε’κάλεσενόδ
988 2589 1125 2657 ..ισίννιος
1139 2588 1189 2670 τὴν
1208 2585 1361 2668 Θεοδιόριιν
1376 2584 1426 2652 καὶ

251 2671 321 2772 λέγα
340 2670 423 2750 αὐτῇ
444 2671 545 2774 δέομαί
554 2695 619 2744 σου,
640 2668 687 2732 ίνα
701 2670 838 2749 ἱκετεύσῃς
857 2671 905 2734 τὸν
924 2670 996 2734 θεόν
1010 2695 1062 2734 σου
1076 2675 1125 2733 τοῦ
1138 2697 1183 2778 μῃ
1189 2673 1362 2777 ὀργισθῆναί
1369 2697 1427 2753 μοι.

252 2777 284 2816 σε
292 2755 354 2860 γὰρ
372 2753 562 2835 ζηλοτυπησας
581 2753 770 2836 παρεγενόμην
789 2779 837 2817 και
856 2756 988 2836 είσηλθον
1008 2753 1124 2817 κατόπιν
1144 2781 1183 2826 εις
1201 2755 1250 2838 τὴν
1269 2757 1427 2836 ε’κκλῃσίαν,

252 2864 300 2900 και
292 2835 402 2900 ’διὰ
375 2863 408 2902 το
426 2840 519 2901 θελειν
540 2865 575 2919 με
593 2838 664 2919 ὀροῖν
682 2839 720 2901 νά
721 2837 889 2944 τελούμενα
907 2863 1043 2940 μυστηρια
1062 2833 1109 2901 καί
1129 2839 1270 2921 ἀκροατην
1284 2841 1354 2904 εἶναι
1368 2843 1427 2904 τών

252 2923 411 3024 λεχομεθοιν,
426 2945 475 3002 την
489 2947 520 2985 νε
533 2923 631 3001 ὅρασιν
645 2919 693 2984 καὶ
708 2922 794 3004 ἀκοην
810 2921 954 2986 ἀπώλεσα
973 2949 1029 2986 νυνι
1021 2919 1076 2986 ’δε
1089 2924 1181 3004 ἐπειδη
1197 2922 1289 2987 ταύτά
1302 2949 1364 3030 με
1357 2925 1427 2987 ἀνα-

252 3003 416 3084 κτήσασθαι
431 3031 447 3085 ῃ
462 3029 511 3067 του
498 3005 726 3105 Κλημεντος’
707 3005 899 3110 ἀπειργάσατο
920 3008 1072 3086 παρουσία,
1092 3006 1214 3110 δεηθητι
1228 3009 1327 3082 αὐτοῦ,
1346 3007 1428 3080 ὅπως

254 3087 325 3167 ἔλθῃ
339 3085 410 3166 πρός
423 3113 458 3168 με
472 3085 519 3151 καὶ
533 3113 633 3194 ποιῃσῃ
648 3113 682 3193 με
696 3116 745 3171 την
761 3090 931 3171 α’ληθειαν’
915 3095 1071 3196 επιγνώναι.
1094 3089 1155 3195 ἐπεί,
1168 3118 1215 3154 και
1230 3089 1288 3172 ἐμοὶ
1303 3089 1351 3156 καὶ
1365 3102 1428 3166 τοῖς

253 3173 349 3236 παισίν
362 3197 415 3252 μου
431 3171 598 3270 ἀσφαλώς’
582 3173 727 3251 ενομίζετο,
742 3176 790 3237 τὸν
807 3175 957 3280 Κλημενια
972 3171 1155 3254 δεσμεύειν
1123 3201 1175 3238 συν
1189 3186 1248 3247 τοῖς
1263 3177 1350 3240 αύτου
1336 3179 1428 3258 κλη·

253 3266 337 3335 ρικοῖς
357 3283 404 3320 και
419 3261 518 3358 τρόπον
531 3256 694 3337 περισύροιν·
715 3259 774 3322 ἀλλ’
791 3254 866 3322 οὗτοι
884 3260 984 3331 λίθους
997 3285 1028 3322 τε
1042 3285 1089 3322 και
1081 3256 1239 3331 ⁸oae6Iovc¹
1260 3265 1429 3342 δεσμούντες

254 3342 338 3404 ἕλκειν
353 3367 383 3404 τε
397 3368 444 3404 και
436 3338 609 3405 “ἀνθελκειν
623 3345 832 3446 κατεφαίνοντο.

339 3425 513 3530 CLXXIII.
551 3420 752 3506 Τηνικαότα
723 3451 771 3490 ουν
785 3454 802 3508 η
791 3425 953 3507 Θεοδώρα
962 3438 1141 3533 πορευθεῖσα
1156 3427 1305 3510 διηηγνσατο
1316 3427 1426 3504 πάντα,

254 3507 327 3587 ὅπερ
341 3510 395 3572 εἶδε
409 3535 456 3572 και
467 3510 539 3590 ὅπερ
550 3509 702 3592 ἐδηλώθη
690 3513 745 3575 υπὸ
756 3537 807 3574 του
794 3512 924 3592 ἀνδρὸς
935 3512 1021 3592 αὐτῆς
1035 3517 1074 3591 τῴ
1087 3510 1159 3610 ἀγίιῃ
1171 3513 1320 3614 Κλήμεντι.
1334 3537 1430 3593 παρα-

255 3592 397 3696 γενόμενος
410 3593 458 3657 οὖν
473 3594 489 3657 6
505 3595 583 3676 ἀγιος
596 3595 666 3700 πρὸς
680 3596 729 3658 τὸν
744 3597 882 3659 Σισύνιον
895 3596 973 3699 μετὰ
982 3599 1085 3676 πολλῆς
1098 3601 1176 3678 τιμης
1189 3594 1339 3678 ὑπεδέχθη.
1356 3597 1426 3678 παρ’

253 3670 287 3736 ού
306 3675 434 3779 ἀκηκρώς
452 3673 561 3775 ὅσαπερ
579 3677 651 3759 πρὸς
669 3680 815 3785 σι’κοδομην
829 3699 923 3761 ψυχης
938 3680 1025 3742 αὐτοῦ
1040 3683 1196 3756 συνέτεινεν,
1212 3683 1370 3745 ἐνεόττευσεν
1385 3707 1434 3762 τῳ

254 3763 315 3836 θεῳ
330 3762 360 3833 ἐξ
374 3758 486 3840 ὅλης
454 3787 503 3840 της
522 3767 615 3844 ψυχῆς
633 3761 680 3826 καὶ
695 3792 711 3845 η
699 3762 800 3844 ρξατο
815 3775 873 3835 τοῖς
892 3760 973 3827 ποσίν
992 3769 1042 3828 τοῦ
1057 3762 1137 3844 ἁγίου
1152 3764 1313 3846 Κλήμεντος
1326 3791 1431 3846 προκυ-

253 3819 411 3908 λινδεισθαι
426 3871 473 3906 και
464 3841 572 3928 “βοάν

339 3928 510 3988 CLXXIV
554 3930 719 4036 Εύχαριστιύ
739 3957 779 4011 τῳ
797 3936 860 4010 θεῷ
880 3931 1007 4036 ἀληθιιιγ
1027 3959 1075 3995 και
1094 3932 1313 4013 παντοκράτορι,
1333 3931 1365 4004 ὅς
1380 3935 1433 3998 διὰ

254 4012 336 4077 τοῦτό
349 4039 383 4095 με
397 4013 608 4120 τετύφλωκεν,
592 4041 638 4078 ινα
653 4012 770 4095 όψωμαι
785 4017 878 4090 αὐτὸν,
893 4043 939 4080 και
932 4013 1000 4080 ’διά
1015 4019 1098 4080 τοῦτο
1112 4041 1162 4100 την
1168 4017 1260 4123 ἀκοῃν
1275 4017 1430 4099 ιιίηιείλενόΙ

253 4124 314 4176 μου,
330 4096 377 4162 ἵνα
391 4092 458 4200 ἐνρ
476 4098 525 4198 τὴν
541 4098 680 4203 ἀλῃθειάν
699 4124 767 4162 ποτε
786 4100 859 4162 διΗ
840 4126 953 4200 αγνοιαν
972 4103 1176 4203 κατεγελων
1160 4128 1188 4165 εν
1210 4102 1281 4181 αύτῃ
1302 4100 1433 4174 ἀκούσας

255 4181 389 4288 δέξομαι·
406 4179 452 4244 καὶ
466 4189 550 4246 τούτο
563 4209 612 4263 μεν
627 4182 747 4263 ἐνόμιζον
762 4180 890 4286 τγευδὲς
877 4184 1023 4264 υπάρχειν,
1046 4181 1115 4264 ὅπερ
1129 4185 1163 4266 ἦν
1178 4185 1293 4264 ἀληθές.
1313 4183 1432 4248 ἐδόκουν

255 4261 285 4326 δε
303 4269 336 4328 τὸ
355 4265 472 4345 ἔμπαλιν
494 4266 614 4347 ἀληθὲς,
634 4265 670 4332 6²
689 4265 826 4349 ψευδες’
813 4267 967 4348 ετύγχανεν·
984 4269 1016 4331 τὸ
1037 4269 1136 4340 σκότος
1155 4269 1278 4350 ἐνόμιζον
1292 4271 1363 4350 φώς,
1380 4295 1433 4333 και

255 4347 287 4408 τὸ
302 4352 364 4428 φῶς
377 4347 477 4420 σκότος
490 4313 694 4432 ὑπελάμβανον.
714 4349 774 4413 ἀλλ’
792 4351 976 4432 ἐκαθαράιθη
991 4350 1007 4414 6
1027 4357 1091 4424 νοός
1104 4378 1157 4432 μου
1172 4355 1202 4416 ἐκ
1220 4378 1269 4415 του
1256 4357 1432 4458 μολυσμοῦ

255 4433 304 4506 τῆς
322 4431 529 4508 α’δωλομανιας.
549 4434 705 4513 ἀληθιύςγ
689 4435 743 4514 γὰρ
763 4434 882 4514 ἐπέγνων
901 4435 966 4506 τούς
985 4438 1121 4516 δαιμονας
1139 4438 1342 4512 ἔξαπατωντας
1361 4462 1433 4510 τους
