3162 4900
387 299 432 349 an
446 299 646 350 ursmarus
659 299 740 350 ποτε.
754 299 848 356 curn
860 301 1128 354 rnaaoumma
1281 286 1342 350 307

163 448 259 512 locus,
275 451 327 500 aut
344 445 400 500 sie:
418 448 480 507 πῶς
495 445 548 517 μάρ
566 445 656 508 τόπος
672 444 712 501 ὢν
728 445 761 502 τὸ
774 445 808 502 ὂν
820 452 903 515 cett,
921 454 972 502 ant
988 447 1041 502 ita:
1060 469 1089 503 π.
1102 471 1128 520 γ.
1142 470 1165 503 τ.
1183 447 1215 503 τὸ
1228 447 1262 504 ἀν
1273 451 1342 504 εἶναι

163 514 295 578 driccam,-
310 545 345 554 -
370 513 405 567 V.
423 514 440 566 6
458 518 565 586 πληροῖ
584 531 638 584 ego
657 512 772 582 scripsi;
794 532 849 583 apo
886 513 993 582 aphum
1015 515 1154 569 Dresselii
1170 515 1342 585 praebebat:

162 585 285 701 qrtqpqrti,
309 579 384 648 solo,
407 579 524 650 opinor,
550 579 652 635 calami
670 597 770 636 errore.
786 612 821 622 -
872 624 877 636 .
896 584 912 636 9
928 587 1020 638 tentet
1037 582 1154 653 aliquis:
1179 583 1261 639 κενὸν
1280 581 1339 639 οὖν

210 666 244 703 ce
271 687 278 701 .
405 693 414 710 .

164 669 204 802 ονι
233 716 266 769 Ρ,
278 715 337 780 341,
350 715 365 768 1
380 713 436 769 scri
459 713 556 834 qerim:
576 719 622 770 καὶ
634 711 651 770 ὃ
661 713 696 771 ἀν
707 714 794 771 αὐτοῦ
809 723 895 788 μέρος
911 715 965 787 (sie
973 718 1035 798 jam
1048 716 1203 798 Davisius).
1210 719 1343 797 λαμπρὸν

163 788 448 906 testatam
462 801 506 903 εἰ
544 783 1344 923 statiltttt.ltlttttltttttttttttt

164 917 349 976 scribendum
362 933 425 971 esse
437 933 488 986 pro
501 920 654 980 δείκνυται,
674 923 780 971 certum
793 923 845 972 est.
881 916 1102 973 Confunduntur
1114 918 1185 974 haec
1202 919 1344 974 vocabula

164 985 253 1041 etiam
264 985 362 1056 paullo
374 984 449 1038 inl'ra
456 1002 486 1104 p.
498 984 557 1052 342,
569 984 594 1038 5.
630 983 736 1038 Contra
748 984 858 1052 dubito,
871 1003 908 1039 an
923 986 1024 1060 μόναις
1042 1004 1100 1041 non
1112 986 1149 1040 sit
1165 986 1343 1057 probabilius

164 1071 250 1126 quam
267 1061 379 1116 νομοῖς,
398 1069 453 1122 quo
492 1049 650 1106 Cotelerius
667 1059 815 1120 corruptae
833 1053 966 1108 codicum
982 1054 1100 1108 lectioni
1141 1055 1218 1116 όνοις
1238 1054 1342 1108 substi-

164 1123 228 1176 tuit
239 1151 274 1161 -
285 1119 383 1175 Verba
396 1136 468 1190 quae
482 1119 614 1188 leguntur
625 1139 649 1171 v.
662 1122 679 1174 9
691 1117 823 1174 difficilia
835 1128 901 1176 sunt
914 1122 951 1176 ad
963 1125 1103 1176 emendan
1123 1140 1177 1176 um.
1201 1121 1342 1175 Dresselii

165 1190 333 1258 conjectura
344 1186 534 1268 καθαπάρχων
546 1188 615 1256 quin
626 1203 694 1242 vera
704 1204 762 1242 non
774 1188 822 1255 sit,
835 1206 893 1243 non
906 1189 1016 1256 dubito,
1030 1206 1191 1259 quanquam
1205 1189 1341 1254 concedo,

164 1274 222 1311 non
240 1273 304 1310 esse
320 1253 439 1308 nimium
457 1254 638 1309 tribuendum
651 1255 692 1320 ei,
711 1255 887 1334 quodetiam
904 1257 1000 1326 paullo
1016 1255 1091 1309 infra
1110 1255 1195 1308 verbo
1216 1255 1340 1325 simplici

164 1322 301 1445 ὖράρχρν
310 1340 380 1444 uqqq
386 1328 431 1442 eqt
442 1322 624 1452 hicscgptor.
643 1321 722 1444 Fieqr
732 1324 806 1377 enim
817 1330 922 1442 pgtesq,
932 1329 964 1403 ut
973 1323 1112 1444 qabriatrbm
1123 1322 1174 1440 εἰίἁ
1183 1320 1339 1443 Circetqqlm

165 1408 318 1446 ana.
432 1408 473 1442 s.
548 1407 615 1442 uum
650 1407 681 1443 ro
720 1414 757 1452 e,
797 1407 833 1443 uo
870 1405 1051 1443 esrnrro
1121 1405 1211 1443 coes
1265 1406 1280 1443 e
1320 1408 1341 1442 ι-

164 1459 249 1514 beat:
262 1409 327 1523 ἀεάς,
340 1408 472 1527 εοάἱᾱεάτ
485 1407 764 1524 censeamgsarvarcn,
777 1410 852 1526 guae
865 1456 895 1508 in
907 1457 1006 1510 codice
1020 1456 1044 1510 0
1058 1430 1193 1527 sequitur,
1207 1457 1340 1510 lacunam

165 1525 208 1580 sio
221 1543 285 1581 esse
297 1524 466 1595 explendam
488 1529 521 1577 ut
533 1522 686 1578 scribatur:
701 1522 879 1592 δεσπότης.
898 1523 1078 1578 Vocabulum
1087 1525 1186 1594 καρδία
1200 1537 1243 1590 eo,
1257 1541 1341 1604 quem

164 1611 241 1648 nunc
256 1599 348 1660 tenet,
367 1593 442 1659 loco,
460 1562 609 1646 ferendum
630 1607 686 1644 non
703 1607 780 1656 esse,
794 1592 854 1660 jam
874 1607 909 1645 ex
925 1607 958 1646 eo
977 1591 1157 1662 intelligitur,
1178 1591 1255 1660 quod
1267 1590 1341 1646 inira

164 1677 190 1731 p.
203 1661 263 1728 342,
281 1663 295 1713 1
314 1677 376 1730 sqq.
395 1659 513 1730 legitur:
537 1661 620 1713 τοῦτο
638 1655 689 1714 οὖν
708 1657 739 1712 τὸ
757 1661 785 1720 ἐξ
801 1659 888 1714 αὐτοῦ
906 1658 1086 1729 πανταχόθεν
1103 1657 1222 1731 ἀπειρον
1239 1658 1341 1730 ἀνάγκη

164 1731 235 1784 εῖναι
246 1730 363 1799 καρδίαν
381 1734 447 1782 cett.
483 1725 600 1781 Scilicet
615 1733 766 1796 postquam
785 1743 870 1796 supra
886 1745 912 1780 v.
930 1727 947 1780 9
984 1726 1049 1781 eriit
1067 1727 1242 1797 subjectum,
1259 1743 1341 1781 voca·

164 1795 264 1850 bulum
276 1797 375 1868 καρδία
391 1811 425 1847 ex
442 1794 497 1849 hoe
513 1795 576 1864 ipso
589 1795 652 1848 loco
668 1793 811 1848 invectum
829 1799 881 1848 est.
897 1825 932 1834 -—
977 1835 983 1848 .
997 1796 1030 1849 13
1042 1795 1120 1864 quod
1133 1793 1244 1864 recepit
1254 1792 1340 1848 Dres-

164 1863 267 1928 selius,
286 1860 458 1940 vocabulum
476 1859 704 1935 τριαεπάπαρος,
725 1861 825 1932 procul
843 1862 928 1916 dubio
945 1874 1108 1932 corruptum
1129 1868 1180 1916 est.
1214 1861 1341 1914 Primum

165 1929 241 1984 enim
253 1929 368 1984 aliunde
382 1931 559 2000 incognitum
569 1934 629 1996 est,
642 1946 677 1983 ne
698 1946 734 1982 ue
745 1929 780 1983 de
792 1928 892 1996 nihilo,
905 1947 970 1984 nam
979 1929 1200 2000 praepositionis
1212 1932 1260 1985 tul
1271 1945 1340 1982 usus

165 1996 279 2068 ineptus
292 2001 382 2058 esset,
397 1997 485 2067 (quod
497 1997 574 2067 apud
585 1946 763 2067 Hesydbium
775 1998 951 2066 conjunctim
967 1997 1103 2068 scriptum
1115 1999 1259 2118 vulqatur,
1272 1995 1341 2051 ἐπά-

164 2085 260 2135 πειρα,
276 2066 338 2150 jam
354 2063 465 2135 pridem
478 2069 591 2119 constat
608 2070 700 2118 ortum
717 2081 780 2118 esse
800 2081 848 2118 er:
870 2065 912 2121 ἐπ’
932 2063 1051 2146 ἀπειρα).
1086 2065 1163 2119 Dein
1185 2081 1209 2133 e,
1228 2063 1341 2118 etiamsi

164 2151 382 2202 epternacense
402 2130 586 2203 interpretari
604 2132 705 2187 liceret
723 2131 849 2202 „triplici
865 2132 977 2188 ratione
999 2132 1141 2198 infinita“‚
1159 2139 1256 2187 tamen
1278 2147 1340 2185 sen·

164 2202 257 2254 tentia
273 2199 346 2254 male
363 2197 490 2254 haberet.
525 2199 598 2254 Nam
620 2199 714 2252 verbis
736 2199 787 2266 τὴν
803 2200 851 2254 ἀπ’
868 2200 957 2256 αὐτοῦ
978 2199 1118 2264 (monueris
1134 2205 1181 2254 καὶ
1199 2198 1342 2271 φρόνιμον

163 2270 326 2324 ἐκτείνουσα
338 2265 427 2338 φύσιν
437 2284 539 2322 revera
554 2267 630 2322 idem
642 2267 804 2320 continetur
816 2267 892 2336 quod
903 2267 997 2321 verbis
1008 2267 1135 2336 proxime
1147 2268 1339 2335 antegressis:

163 2334 211 2392 ἀπ’
224 2333 479 2416 αὐτοῦ-ρίρύρυσα
492 2337 542 2406 τὴν
555 2334 671 2455 ζωτικρν
682 2340 727 2389 καὶ
744 2333 893 2406 ἀσώματον
910 2334 1039 2406 δύναμιν.
1057 2335 1161 2453 Inepta
1172 2333 1262 2452 igitur
1274 2338 1341 2385 sunt

164 2402 216 2457 illa
228 2403 323 2470 verba,
337 2420 392 2456 msr
404 2421 434 2457 1n
446 2402 630 2470 enuntiatae
661 2401 737 2472 quod
750 2401 902 2470 pertinent,
916 2401 1000 2454 simul
1012 2400 1078 2455 novi
1090 2417 1107 2453 a
1120 2399 1180 2470 iqui
1212 2398 1339 2469 profere-

162 2470 256 2524 batur.
274 2470 415 2540 Equidem
423 2487 480 2524 ποτε
493 2469 592 2524 dubito
603 2469 671 2540 quin
681 2468 752 2522 illud
762 2491 820 2544 τρις
831 2497 866 2508 -
877 2470 924 2523 vel
936 2478 1052 2541 τρεῖς-
1064 2467 1106 2522 sie
1119 2468 1193 2522 enim
1204 2467 1340 2537 seriptum

162 2537 194 2592 in
206 2537 269 2592 cod.
284 2537 353 2613 C:—
368 2538 482 2592 omnino
502 2537 540 2591 sit
557 2537 766 2591 eliminandum.
801 2536 903 2590 Potest
920 2543 953 2591 ut
969 2542 1061 2591 ortum
1078 2537 1115 2589 sit
1134 2553 1169 2589 er
1184 2535 1341 2616 posteriore

162 2605 325 2675 antegressi
349 2605 483 2660 vocabuli
505 2606 611 2666 uisitur
637 2604 752 2674 syllaba
771 2603 817 2656 bis
843 2603 956 2673 scripta.
990 2605 1032 2657 At
1052 2603 1228 2673 probabilius
1255 2602 1341 2657 etiam

163 2672 252 2740 duco,
269 2679 367 2726 natum
380 2689 444 2728 esse
463 2691 497 2728 ex
509 2673 708 2726 adnotatione:
729 2691 770 2742 γρ.
783 2677 834 2735 εἰς,
853 2673 891 2724 ad
903 2671 1053 2727 verborum
1071 2672 1113 2726 ἐπ’
1127 2669 1253 2744 ἄπειρον,
1267 2687 1341 2750 quae

184 2740 266 2795 rocul
287 2740 373 2796 dubio
396 2739 526 2810 primitus
545 2739 651 2810 scripta
666 2739 852 2809 legebantur,
874 2738 904 2792 id
923 2739 1001 2818 quod
1017 2738 1095 2808 prius
1113 2743 1169 2807 est,
1186 2739 1338 2806 adscnpta.

194 2824 228 2861 oc
249 2808 272 2860 si
289 2807 469 2877 probaveris,
496 2807 618 2862 habebis
643 2806 814 2860 sententiam
836 2806 1028 2874 aptissimam,
1046 2822 1118 2876 quae
1142 2806 1243 2860 eadent
1266 2803 1342 2860 inira

162 2893 190 2946 p.
203 2874 263 2942 342,
278 2877 311 2928 10
323 2875 462 2928 similibus
478 2876 575 2929 verbis
588 2874 746 2943 repetitur:
763 2879 809 2928 καὶ
820 2872 866 2927 ἀπ’
881 2874 968 2929 αὐτοῦ
982 2873 1033 2942 τὴν
1045 2879 1084 2935 εἰς
1096 2873 1215 2942 ἀπειρον
1226 2876 1340 2929 ἔκτασιν

162 2941 296 3062 &appara
309 2942 351 3010 (τά
363 2943 393 3006 ἓξ
402 2942 522 3017 ἀπειρα),
543 2959 617 3013 quae
634 2943 698 3012 ipsa
714 2959 813 2996 ansam
826 2941 941 2996 dedisse
957 2941 999 2995 illi
1017 2940 1196 2996 adnotationi
1208 2941 1275 3010 Jure
1287 2945 1338 2994 tuo

186 3027 255 3064 reas.
456 3051 458 3056 .

231 3079 263 3132 Ρ.
281 3077 341 3144 342,
358 3077 376 3130 4
397 3075 580 3132 scribendum
599 3092 676 3130 esse:
703 3077 733 3138 ἓξ
748 3075 933 3150 ἀντεράντεον,Ι
947 3082 1045 3132 monet
1064 3075 1250 3132 Uhlhornius.
1281 3073 1339 3129 Cir.

163 3163 189 3199 v.
201 3146 219 3200 9
232 3163 274 3217 sq.
309 3145 349 3198 At
360 3143 461 3198 mirum
475 3150 532 3213 est,
547 3145 622 3210 quod
635 3143 801 3196 nullasdum
814 3145 970 3213 intellexit,
983 3145 1010 3198 in
1025 3144 1074 3211 iis,
1087 3160 1160 3214 quae
1174 3149 1339 3214 sequuntur,

163 3213 254 3266 verba
266 3203 305 3268 clv
318 3212 443 3285 ὁμὲν-
457 3215 472 3268 ὁ
485 3214 516 3267 δὲ
530 3241 563 3250 -
579 3216 618 3272 εἰς
630 3209 679 3272 οὓς
691 3226 748 3262 non
767 3209 873 3265 habers
926 3228 961 3265 uo
972 3211 1148 3276 referantur,
1167 3217 1197 3264 et
1208 3226 1340 3265 necesss-

162 3281 236 3333 rium
249 3297 322 3346 esse,
335 3289 368 3333 ut
381 3289 430 3334 aut
443 3279 585 3334 scribatur
596 3278 628 3332 τὸ
640 3281 694 3353 μὲν
705 3308 739 3317 —-
751 3277 845 3347 λαβὸν,
858 3299 890 3332 το
903 3229 934 3334 ἀὲ
944 3309 979 3318 -
991 3283 1030 3340 είς
1041 3275 1113 3342 ἀ-,
1125 3282 1176 3330 aut
1189 3283 1339 3344 statuatur,

163 3347 367 3417 intelligendos
381 3364 445 3402 esse
457 3349 486 3409 ἓξ
496 3345 676 3419 ἀπεράντους,
690 3361 776 3415 quum
788 3352 882 3400 tamen
892 3345 944 3399 v.9
957 3345 1139 3414 appellentur
1148 3344 1181 3398 τά
1193 3345 1222 3405 ἓξ
1231 3341 1340 3415 ἀπειρα,

163 3416 210 3468 rel
231 3421 298 3494 post
315 3414 480 3487 ἀπεράντων
495 3414 677 3468 intercidisse
695 3413 904 3466 substantivum
921 3411 1070 3466 masculini
1087 3413 1209 3481 generis.
1225 3441 1260 3452 ·-
1276 3410 1310 3464 V.
1324 3412 1341 3464 8

163 3498 263 3536 nescio
283 3499 319 3535 an
337 3482 504 3552 recipienda
521 3482 559 3534 sit
575 3480 684 3536 codicis
701 3478 724 3534 0
748 3480 901 3550 scriptura:
928 3485 1074 3537 συνετέλει.
1094 3509 1127 3520 -
1149 3477 1255 3532 Contra
1269 3496 1294 3531 v.
1308 3479 1342 3531 12

163 3555 311 3670 maffia?
320 3549 444 3670 1plidptutr
451 3547 593 3671 εοᾱάαἰεὲῦ
606 3548 705 3672 leqtio:
719 3548 763 3611 ὠς,
777 3548 1035 3672 „quanqqqqidgem
1047 3545 1341 3667 namghi-ossqtlttrppg

164 3634 355 3804 glutieris&
375 3633 417 3752 τάξ
429 3637 642 3758 dissigari&
658 3636 764 3754 ἕῗρνοτίά
772 3636 1129 3754 ῗάεᾜιῖετεζῗςάῗέἀάτςάἰα
1142 3680 1233 3755 quod:
1253 3680 1292 3748 πὴ
1310 3682 1341 3736 δὲ

289 3773 310 3804 n
362 3790 368 3804 ι

166 3773 361 3886 maging&
394 3835 431 3872 uo
441 3819 507 3888 jure
519 3818 760 3888 praepositionem
773 3818 820 3872 διὰ
832 3817 978 3872 aDavisio
991 3817 1020 3870 in
1034 3822 1140 3872 textum
1152 3817 1260 3870 illatam
1274 3813 1339 3868 reti-

162 3903 232 3940 nere
244 3885 370 3966 potuerit
412 3885 548 3940 resselius
566 3891 685 3955 recepta
700 3886 808 3940 codicis
823 3883 846 3938 Ο
861 3885 1016 3954 scriptura:
1034 3885 1085 3952 τὴν
1095 3891 1248 3956 μετουσίαν
1260 3883 1338 3953 ἔχων,

163 3971 221 4008 aon
233 3953 332 4025 liquet.
370 3952 477 4008 Contra
495 3953 646 4008 delendum
664 3959 726 4007 erat
743 3959 881 4021 punctum
892 3954 984 4032 majus
999 3957 1065 4021 post
1077 3952 1192 4003 verbum
1206 3947 1339 4018 ὑπάρχων

163 4021 296 4076 locatum.
315 4053 350 4063 -
365 4021 520 4076 Praeterea
538 4021 594 4073 ν.2
611 4018 645 4086 ἣν
657 4036 690 4073 ex
705 4020 818 4089 judicio
832 4019 943 4074 Davisi1
958 4021 988 4074 in
1007 4011 1023 4092 ᾖ
1040 4015 1286 4070 mutandum'erat.
1307 4045 1341 4056 —·

163 4088 199 4145 V.
211 4089 229 4144 4
241 4089 271 4144 in
279 4089 389 4146 verbis:
408 4092 438 4145 ἐν
446 4091 568 4162 χειμῶνι
580 4085 652 4159 ὥρας
664 4094 691 4142 οἱ
709 4087 795 4166 ἀτμοὶ
808 4091 864 4142 τῶν
876 4087 958 4164 ὀροῖν,
972 4085 1048 4164 quod
1058 4081 1157 4137 Schwe
1181 4083 1257 4134 lerus
1271 4080 1340 4134 scri·

163 4157 291 4212 bendum
308 4157 471 4238 proposuit:
480 4157 627 4236 χειμῶνος
642 4153 711 4224 ὥρᾳ,
730 4172 775 4207 cur
793 4171 850 4206 non
867 4158 965 4206 vemat
981 4170 1011 4204 1n
1034 4156 1156 4205 mentem
1184 4216 1191 4229 .
1209 4146 1250 4203 At
1260 4147 1341 4229 ‘haec

164 4225 285 4280 mutatio
304 4225 419 4278 minime
435 4225 502 4278 talis
516 4228 573 4288 est,
592 4238 677 4292 quam
690 4219 869 4290 probabilem
886 4219 951 4290 quis
968 4217 1122 4274 vocaverit.
1157 4216 1200 4287 Ει,
1219 4234 1268 4288 qur
1284 4216 1340 4270 sibi

164 4292 350 4364 persuaserit,
373 4291 564 4348 construenda
588 4306 651 4346 esse
669 4287 771 4344 verba:
794 4286 865 4359 ὥρας
882 4293 911 4342 οἱ
928 4287 1026 4360 ἀτμοὶ,
1043 4293 1074 4342 et
1094 4285 1135 4339 sic
1155 4285 1336 4356 accipienda:

1137 4380 1181 4422 20!
