<?xml version="1.0" encoding="UTF-8"?>
<!DOCTYPE html PUBLIC "-//W3C//DTD XHTML 1.0 Transitional//EN"
    "http://www.w3.org/TR/xhtml1/DTD/xhtml1-transitional.dtd">
<html xmlns="http://www.w3.org/1999/xhtml" xml:lang="en" lang="en">
 <head>
  <title>
</title>
<meta http-equiv="Content-Type" content="text/html;charset=utf-8" />
  <meta name='ocr-system' content='tesseract 3.04.00' />
  <meta name='ocr-capabilities' content='ocr_page ocr_carea ocr_par ocr_line ocrx_word'/>
</head>
<body>
  <div class='ocr_page' id='page_1' title='image "./clementinorumep00dresgoog_0074.png"; bbox 0 0 3114 4896; ppageno 0'>
   <div class='ocr_carea' id='block_1_1' title="bbox 574 269 1312 338">
    <p class='ocr_par' dir='ltr' id='par_1_1' title="bbox 574 269 1312 338">
     <span class='ocr_line' id='line_1_1' title="bbox 574 269 1312 338; baseline -0.003 -2"><span class='ocrx_word' id='word_1_1' title='bbox 574 285 728 336; x_wconf 75' lang='lat' dir='ltr'><strong>senous</strong></span> <span class='ocrx_word' id='word_1_2' title='bbox 749 285 863 338; x_wconf 77' lang='lat' dir='ltr'><strong>emon.</strong></span> <span class='ocrx_word' id='word_1_3' title='bbox 1269 269 1312 334; x_wconf 82' lang='lat'><strong>55</strong></span> 
     </span>
    </p>
   </div>
   <div class='ocr_carea' id='block_1_2' title="bbox 125 431 1311 571">
    <p class='ocr_par' dir='ltr' id='par_1_2' title="bbox 125 431 1311 571">
     <span class='ocr_line' id='line_1_2' title="bbox 126 431 1311 501; baseline 0.003 -15"><span class='ocrx_word' id='word_1_4' title='bbox 126 431 199 486; x_wconf 89' lang='lat' dir='ltr'><strong>mihi</strong></span> <span class='ocrx_word' id='word_1_5' title='bbox 225 432 265 488; x_wconf 87' lang='lat' dir='ltr'><strong>ad</strong></span> <span class='ocrx_word' id='word_1_6' title='bbox 286 431 413 487; x_wconf 77' lang='lat' dir='ltr'><strong>dedecus</strong></span> <span class='ocrx_word' id='word_1_7' title='bbox 433 431 647 498; x_wconf 78' lang='lat' dir='ltr'><strong>assentabatur,</strong></span> <span class='ocrx_word' id='word_1_8' title='bbox 669 431 754 488; x_wconf 88' lang='lat' dir='ltr'><strong>finem</strong></span> <span class='ocrx_word' id='word_1_9' title='bbox 774 433 837 488; x_wconf 88' lang='lat' dir='ltr'><strong>acci</strong></span> <span class='ocrx_word' id='word_1_10' title='bbox 859 439 925 488; x_wconf 89' lang='lat' dir='ltr'><strong>eret.</strong></span> <span class='ocrx_word' id='word_1_11' title='bbox 961 431 1001 486; x_wconf 88' lang='lat' dir='ltr'><strong>At</strong></span> <span class='ocrx_word' id='word_1_12' title='bbox 1020 432 1140 488; x_wconf 86' lang='lat' dir='ltr'><strong>alterum</strong></span> <span class='ocrx_word' id='word_1_13' title='bbox 1156 431 1261 501; x_wconf 89' lang='lat' dir='ltr'><strong>filium,</strong></span> <span class='ocrx_word' id='word_1_14' title='bbox 1279 441 1311 490; x_wconf 93' lang='lat' dir='ltr'><strong>ut</strong></span> 
     </span>
     <span class='ocr_line' id='line_1_3' title="bbox 125 452 1020 571; baseline -0.002 -15"><span class='ocrx_word' id='word_1_15' title='bbox 125 500 207 571; x_wconf 85' lang='lat' dir='ltr'><strong>apud</strong></span> <span class='ocrx_word' id='word_1_16' title='bbox 218 505 333 570; x_wconf 88' lang='lat' dir='ltr'><strong>patrem</strong></span> <span class='ocrx_word' id='word_1_17' title='bbox 346 499 376 554; x_wconf 92' lang='lat' dir='ltr'><strong>in</strong></span> <span class='ocrx_word' id='word_1_18' title='bbox 389 499 523 554; x_wconf 84' lang='lat' dir='ltr'><strong>solatium</strong></span> <span class='ocrx_word' id='word_1_19' title='bbox 536 505 672 568; x_wconf 90' lang='lat' dir='ltr'><strong>maneret,</strong></span> <span class='ocrx_word' id='word_1_20' title='bbox 684 452 901 570; x_wconf 64' lang='lat' dir='ltr'><strong>relinquendum</strong></span> <span class='ocrx_word' id='word_1_21' title='bbox 913 500 1020 554; x_wconf 92' lang='lat' dir='ltr'><strong>censui.</strong></span> 
     </span>
    </p>
   </div>
   <div class='ocr_carea' id='block_1_3' title="bbox 125 599 1311 1548">
    <p class='ocr_par' dir='ltr' id='par_1_3' title="bbox 125 599 1311 1548">
     <span class='ocr_line' id='line_1_4' title="bbox 195 599 1311 668; baseline 0.004 -16"><span class='ocrx_word' id='word_1_22' title='bbox 195 599 364 655; x_wconf 88' lang='lat' dir='ltr'>LXXXIV.</span> <span class='ocrx_word' id='word_1_23' title='bbox 400 600 507 655; x_wconf 89' lang='lat' dir='ltr'><strong>Verum</strong></span> <span class='ocrx_word' id='word_1_24' title='bbox 544 617 580 654; x_wconf 91' lang='lat' dir='ltr'><strong>uo</strong></span> <span class='ocrx_word' id='word_1_25' title='bbox 597 600 668 655; x_wconf 91' lang='lat' dir='ltr'><strong>haec</strong></span> <span class='ocrx_word' id='word_1_26' title='bbox 686 601 727 655; x_wconf 88' lang='lat' dir='ltr'><strong>ita</strong></span> <span class='ocrx_word' id='word_1_27' title='bbox 743 599 858 668; x_wconf 90' lang='lat' dir='ltr'><strong>fierent,</strong></span> <span class='ocrx_word' id='word_1_28' title='bbox 876 601 1042 656; x_wconf 90' lang='lat' dir='ltr'><strong>inanimum</strong></span> <span class='ocrx_word' id='word_1_29' title='bbox 1061 599 1159 654; x_wconf 86' lang='lat' dir='ltr'><strong>induxi</strong></span> <span class='ocrx_word' id='word_1_30' title='bbox 1172 601 1311 656; x_wconf 90' lang='lat' dir='ltr'><strong>somnium</strong></span> 
     </span>
     <span class='ocr_line' id='line_1_5' title="bbox 125 667 1310 748; baseline 0.002 -26"><span class='ocrx_word' id='word_1_31' title='bbox 125 667 253 740; x_wconf 89' lang='lat' dir='ltr'><strong>fingere,</strong></span> <span class='ocrx_word' id='word_1_32' title='bbox 271 669 353 748; x_wconf 86' lang='lat' dir='ltr'><strong>quasi</strong></span> <span class='ocrx_word' id='word_1_33' title='bbox 372 668 477 738; x_wconf 91' lang='lat' dir='ltr'><strong>aliquis</strong></span> <span class='ocrx_word' id='word_1_34' title='bbox 495 668 533 721; x_wconf 93' lang='lat' dir='ltr'><strong>mi</strong></span> <span class='ocrx_word' id='word_1_35' title='bbox 555 668 564 720; x_wconf 93' lang='lat' dir='ltr'><strong>i</strong></span> <span class='ocrx_word' id='word_1_36' title='bbox 581 674 667 721; x_wconf 92' lang='lat' dir='ltr'><strong>noctu</strong></span> <span class='ocrx_word' id='word_1_37' title='bbox 685 669 847 722; x_wconf 82' lang='lat' dir='ltr'><strong>adstitisset</strong></span> <span class='ocrx_word' id='word_1_38' title='bbox 865 686 899 722; x_wconf 93' lang='lat' dir='ltr'><strong>ac</strong></span> <span class='ocrx_word' id='word_1_39' title='bbox 917 668 1051 721; x_wconf 83' lang='lat' dir='ltr'><strong>dixisset:</strong></span> <span class='ocrx_word' id='word_1_40' title='bbox 1083 667 1242 722; x_wconf 83' lang='lat' dir='ltr'><strong>Confestim</strong></span> <span class='ocrx_word' id='word_1_41' title='bbox 1253 685 1310 724; x_wconf 88' lang='lat' dir='ltr'><strong>una</strong></span> 
     </span>
     <span class='ocr_line' id='line_1_6' title="bbox 125 735 1309 808; baseline 0.002 -20"><span class='ocrx_word' id='word_1_42' title='bbox 125 753 191 788; x_wconf 89' lang='lat' dir='ltr'><strong>cum</strong></span> <span class='ocrx_word' id='word_1_43' title='bbox 203 735 329 808; x_wconf 91' lang='lat' dir='ltr'><strong>gemmis</strong></span> <span class='ocrx_word' id='word_1_44' title='bbox 340 735 399 788; x_wconf 89' lang='lat' dir='ltr'><strong>tuis</strong></span> <span class='ocrx_word' id='word_1_45' title='bbox 412 735 517 806; x_wconf 90' lang='lat' dir='ltr'><strong>pueris,</strong></span> <span class='ocrx_word' id='word_1_46' title='bbox 531 735 666 802; x_wconf 91' lang='lat' dir='ltr'><strong>omulier,</strong></span> <span class='ocrx_word' id='word_1_47' title='bbox 678 735 768 790; x_wconf 90' lang='lat' dir='ltr'><strong>Roma</strong></span> <span class='ocrx_word' id='word_1_48' title='bbox 781 735 897 790; x_wconf 88' lang='lat' dir='ltr'><strong>discede</strong></span> <span class='ocrx_word' id='word_1_49' title='bbox 910 735 947 790; x_wconf 89' lang='lat' dir='ltr'><strong>ad</strong></span> <span class='ocrx_word' id='word_1_50' title='bbox 956 735 1071 806; x_wconf 80' lang='lat' dir='ltr'><strong>aliquod</strong></span> <span class='ocrx_word' id='word_1_51' title='bbox 1083 741 1204 806; x_wconf 89' lang='lat' dir='ltr'><strong>tempus,</strong></span> <span class='ocrx_word' id='word_1_52' title='bbox 1218 735 1309 790; x_wconf 88' lang='lat' dir='ltr'><strong>donec</strong></span> 
     </span>
     <span class='ocr_line' id='line_1_7' title="bbox 125 803 1310 884; baseline 0 -28"><span class='ocrx_word' id='word_1_53' title='bbox 125 803 182 856; x_wconf 92' lang='lat' dir='ltr'><strong>tibi</strong></span> <span class='ocrx_word' id='word_1_54' title='bbox 194 820 292 856; x_wconf 89' lang='lat' dir='ltr'><strong>rursus</strong></span> <span class='ocrx_word' id='word_1_55' title='bbox 305 803 483 869; x_wconf 89' lang='lat' dir='ltr'><strong>indicavero,</strong></span> <span class='ocrx_word' id='word_1_56' title='bbox 500 808 533 856; x_wconf 89' lang='lat' dir='ltr'><strong>ut</strong></span> <span class='ocrx_word' id='word_1_57' title='bbox 548 803 662 871; x_wconf 68' lang='lat' dir='ltr'><strong>redeas,</strong></span> <span class='ocrx_word' id='word_1_58' title='bbox 680 803 787 873; x_wconf 88' lang='lat' dir='ltr'><strong>alioqui</strong></span> <span class='ocrx_word' id='word_1_59' title='bbox 805 821 868 856; x_wconf 92' lang='lat' dir='ltr'><strong>cum</strong></span> <span class='ocrx_word' id='word_1_60' title='bbox 884 804 945 857; x_wconf 89' lang='lat' dir='ltr'><strong>viro</strong></span> <span class='ocrx_word' id='word_1_61' title='bbox 962 803 1129 884; x_wconf 86' lang='lat' dir='ltr'><strong>cunctisque</strong></span> <span class='ocrx_word' id='word_1_62' title='bbox 1142 803 1200 856; x_wconf 90' lang='lat' dir='ltr'><strong>tuis</strong></span> <span class='ocrx_word' id='word_1_63' title='bbox 1213 803 1310 857; x_wconf 89' lang='lat' dir='ltr'><strong>liberis</strong></span> 
     </span>
     <span class='ocr_line' id='line_1_8' title="bbox 127 869 1309 940; baseline 0.003 -17"><span class='ocrx_word' id='word_1_64' title='bbox 127 871 285 940; x_wconf 83' lang='lat' dir='ltr'><strong>derepente</strong></span> <span class='ocrx_word' id='word_1_65' title='bbox 308 871 416 940; x_wconf 88' lang='lat' dir='ltr'><strong>peribis</strong></span> <span class='ocrx_word' id='word_1_66' title='bbox 433 871 514 924; x_wconf 89' lang='lat' dir='ltr'><strong>male.</strong></span> <span class='ocrx_word' id='word_1_67' title='bbox 556 869 644 925; x_wconf 86' lang='lat' dir='ltr'><strong>Simul</strong></span> <span class='ocrx_word' id='word_1_68' title='bbox 666 877 761 924; x_wconf 89' lang='lat' dir='ltr'><strong>autem</strong></span> <span class='ocrx_word' id='word_1_69' title='bbox 778 888 812 924; x_wconf 89' lang='lat' dir='ltr'><strong>ac</strong></span> <span class='ocrx_word' id='word_1_70' title='bbox 831 871 969 924; x_wconf 92' lang='lat' dir='ltr'><strong>somnium</strong></span> <span class='ocrx_word' id='word_1_71' title='bbox 986 877 1152 924; x_wconf 79' lang='lat' dir='ltr'><strong>ementitum</strong></span> <span class='ocrx_word' id='word_1_72' title='bbox 1169 871 1229 925; x_wconf 89' lang='lat' dir='ltr'><strong>viro</strong></span> <span class='ocrx_word' id='word_1_73' title='bbox 1246 889 1309 926; x_wconf 88' lang='lat' dir='ltr'><strong>nar-</strong></span> 
     </span>
     <span class='ocr_line' id='line_1_9' title="bbox 125 937 1309 1010; baseline 0 -18"><span class='ocrx_word' id='word_1_74' title='bbox 125 938 201 1004; x_wconf 88' lang='lat' dir='ltr'><strong>ravi,</strong></span> <span class='ocrx_word' id='word_1_75' title='bbox 219 937 322 992; x_wconf 89' lang='lat' dir='ltr'><strong>timore</strong></span> <span class='ocrx_word' id='word_1_76' title='bbox 339 945 611 1010; x_wconf 84' lang='lat' dir='ltr'><strong>magnocommotus</strong></span> <span class='ocrx_word' id='word_1_77' title='bbox 629 955 673 992; x_wconf 88' lang='lat' dir='ltr'><strong>me</strong></span> <span class='ocrx_word' id='word_1_78' title='bbox 693 944 722 992; x_wconf 90' lang='lat' dir='ltr'><strong>et</strong></span> <span class='ocrx_word' id='word_1_79' title='bbox 739 939 809 992; x_wconf 91' lang='lat' dir='ltr'><strong>duos</strong></span> <span class='ocrx_word' id='word_1_80' title='bbox 825 937 901 992; x_wconf 89' lang='lat' dir='ltr'><strong>filios</strong></span> <span class='ocrx_word' id='word_1_81' title='bbox 918 955 1069 1008; x_wconf 87' lang='lat' dir='ltr'><strong>servosque</strong></span> <span class='ocrx_word' id='word_1_82' title='bbox 1087 938 1254 1002; x_wconf 73' lang='lat' dir='ltr'><strong>etsuncillas</strong></span> <span class='ocrx_word' id='word_1_83' title='bbox 1267 945 1309 993; x_wconf 90' lang='lat' dir='ltr'><strong>at-</strong></span> 
     </span>
     <span class='ocr_line' id='line_1_10' title="bbox 128 1004 1308 1085; baseline 0.003 -27"><span class='ocrx_word' id='word_1_84' title='bbox 128 1022 183 1076; x_wconf 90' lang='lat' dir='ltr'><strong>que</strong></span> <span class='ocrx_word' id='word_1_85' title='bbox 196 1005 318 1059; x_wconf 91' lang='lat' dir='ltr'><strong>multam</strong></span> <span class='ocrx_word' id='word_1_86' title='bbox 329 1006 481 1085; x_wconf 90' lang='lat' dir='ltr'><strong>pecuniam</strong></span> <span class='ocrx_word' id='word_1_87' title='bbox 499 1005 528 1059; x_wconf 91' lang='lat' dir='ltr'><strong>in</strong></span> <span class='ocrx_word' id='word_1_88' title='bbox 540 1023 641 1060; x_wconf 90' lang='lat' dir='ltr'><strong>navem</strong></span> <span class='ocrx_word' id='word_1_89' title='bbox 654 1006 801 1085; x_wconf 90' lang='lat' dir='ltr'><strong>imponens</strong></span> <span class='ocrx_word' id='word_1_90' title='bbox 813 1004 941 1060; x_wconf 85' lang='lat' dir='ltr'><strong>Athenas</strong></span> <span class='ocrx_word' id='word_1_91' title='bbox 959 1006 1037 1060; x_wconf 90' lang='lat' dir='ltr'><strong>misit</strong></span> <span class='ocrx_word' id='word_1_92' title='bbox 1050 1005 1203 1076; x_wconf 89' lang='lat' dir='ltr'><strong>iussitque,</strong></span> <span class='ocrx_word' id='word_1_93' title='bbox 1216 1012 1248 1060; x_wconf 93' lang='lat' dir='ltr'><strong>ut</strong></span> <span class='ocrx_word' id='word_1_94' title='bbox 1260 1024 1308 1061; x_wconf 89' lang='lat' dir='ltr'><strong>na·</strong></span> 
     </span>
     <span class='ocr_line' id='line_1_11' title="bbox 126 1073 1309 1153; baseline 0.003 -28"><span class='ocrx_word' id='word_1_95' title='bbox 126 1079 219 1126; x_wconf 87' lang='lat' dir='ltr'><strong>torum</strong></span> <span class='ocrx_word' id='word_1_96' title='bbox 233 1073 390 1126; x_wconf 80' lang='lat' dir='ltr'><strong>eruditioni</strong></span> <span class='ocrx_word' id='word_1_97' title='bbox 402 1090 545 1140; x_wconf 89' lang='lat' dir='ltr'><strong>vacarem,</strong></span> <span class='ocrx_word' id='word_1_98' title='bbox 559 1073 667 1153; x_wconf 72' lang='lat' dir='ltr'><strong>quoad,</strong></span> <span class='ocrx_word' id='word_1_99' title='bbox 687 1073 794 1153; x_wconf 89' lang='lat' dir='ltr'><strong>mquit,</strong></span> <span class='ocrx_word' id='word_1_100' title='bbox 814 1073 932 1128; x_wconf 86' lang='lat' dir='ltr'><strong>visionis</strong></span> <span class='ocrx_word' id='word_1_101' title='bbox 945 1073 1054 1128; x_wconf 90' lang='lat' dir='ltr'><strong>auctori</strong></span> <span class='ocrx_word' id='word_1_102' title='bbox 1066 1073 1206 1144; x_wconf 82' lang='lat' dir='ltr'><strong>placuerit</strong></span> <span class='ocrx_word' id='word_1_103' title='bbox 1217 1074 1309 1128; x_wconf 91' lang='lat' dir='ltr'><strong>redire</strong></span> 
     </span>
     <span class='ocr_line' id='line_1_12' title="bbox 127 1139 1308 1213; baseline 0.002 -20"><span class='ocrx_word' id='word_1_104' title='bbox 127 1145 164 1194; x_wconf 86' lang='lat' dir='ltr'><strong>te.</strong></span> <span class='ocrx_word' id='word_1_105' title='bbox 200 1139 305 1210; x_wconf 83' lang='lat' dir='ltr'><strong>itaque</strong></span> <span class='ocrx_word' id='word_1_106' title='bbox 319 1157 373 1212; x_wconf 86' lang='lat' dir='ltr'><strong>ego</strong></span> <span class='ocrx_word' id='word_1_107' title='bbox 385 1141 489 1195; x_wconf 90' lang='lat' dir='ltr'><strong>misera</strong></span> <span class='ocrx_word' id='word_1_108' title='bbox 501 1158 557 1195; x_wconf 87' lang='lat' dir='ltr'><strong>una</strong></span> <span class='ocrx_word' id='word_1_109' title='bbox 570 1159 633 1195; x_wconf 92' lang='lat' dir='ltr'><strong>cum</strong></span> <span class='ocrx_word' id='word_1_110' title='bbox 645 1140 743 1195; x_wconf 87' lang='lat' dir='ltr'><strong>lrber1s</strong></span> <span class='ocrx_word' id='word_1_111' title='bbox 755 1141 873 1213; x_wconf 87' lang='lat' dir='ltr'><strong>navigo,</strong></span> <span class='ocrx_word' id='word_1_112' title='bbox 891 1147 920 1196; x_wconf 91' lang='lat' dir='ltr'><strong>et</strong></span> <span class='ocrx_word' id='word_1_113' title='bbox 931 1147 1079 1195; x_wconf 90' lang='lat' dir='ltr'><strong>ventorum</strong></span> <span class='ocrx_word' id='word_1_114' title='bbox 1092 1142 1120 1194; x_wconf 95' lang='lat' dir='ltr'><strong>vi</strong></span> <span class='ocrx_word' id='word_1_115' title='bbox 1133 1141 1266 1211; x_wconf 90' lang='lat' dir='ltr'><strong>proiicior</strong></span> <span class='ocrx_word' id='word_1_116' title='bbox 1278 1141 1308 1195; x_wconf 91' lang='lat' dir='ltr'><strong>in</strong></span> 
     </span>
     <span class='ocr_line' id='line_1_13' title="bbox 127 1207 1308 1281; baseline 0.002 -21"><span class='ocrx_word' id='word_1_117' title='bbox 127 1207 199 1261; x_wconf 85' lang='lat' dir='ltr'><strong>haec</strong></span> <span class='ocrx_word' id='word_1_118' title='bbox 220 1208 301 1274; x_wconf 89' lang='lat' dir='ltr'><strong>loca,</strong></span> <span class='ocrx_word' id='word_1_119' title='bbox 320 1207 443 1278; x_wconf 91' lang='lat' dir='ltr'><strong>navique</strong></span> <span class='ocrx_word' id='word_1_120' title='bbox 462 1214 549 1262; x_wconf 92' lang='lat' dir='ltr'><strong>noctu</strong></span> <span class='ocrx_word' id='word_1_121' title='bbox 570 1207 711 1262; x_wconf 88' lang='lat' dir='ltr'><strong>dissoluta</strong></span> <span class='ocrx_word' id='word_1_122' title='bbox 732 1208 761 1262; x_wconf 91' lang='lat' dir='ltr'><strong>in</strong></span> <span class='ocrx_word' id='word_1_123' title='bbox 782 1209 961 1281; x_wconf 82' lang='lat' dir='ltr'><strong>naufragium</strong></span> <span class='ocrx_word' id='word_1_124' title='bbox 985 1209 1144 1262; x_wconf 91' lang='lat' dir='ltr'><strong>incidimus.</strong></span> <span class='ocrx_word' id='word_1_125' title='bbox 1187 1208 1308 1262; x_wconf 90' lang='lat' dir='ltr'><strong>Mortuis</strong></span> 
     </span>
     <span class='ocr_line' id='line_1_14' title="bbox 127 1275 1309 1347; baseline 0.002 -19"><span class='ocrx_word' id='word_1_126' title='bbox 127 1280 224 1329; x_wconf 87' lang='lat' dir='ltr'><strong>autem</strong></span> <span class='ocrx_word' id='word_1_127' title='bbox 241 1275 373 1328; x_wconf 89' lang='lat' dir='ltr'><strong>omnibus</strong></span> <span class='ocrx_word' id='word_1_128' title='bbox 390 1293 447 1330; x_wconf 90' lang='lat' dir='ltr'><strong>una</strong></span> <span class='ocrx_word' id='word_1_129' title='bbox 464 1291 517 1347; x_wconf 88' lang='lat' dir='ltr'><strong>ego</strong></span> <span class='ocrx_word' id='word_1_130' title='bbox 535 1275 636 1330; x_wconf 84' lang='lat' dir='ltr'><strong>infelix</strong></span> <span class='ocrx_word' id='word_1_131' title='bbox 651 1276 763 1347; x_wconf 89' lang='lat' dir='ltr'><strong>magnis</strong></span> <span class='ocrx_word' id='word_1_132' title='bbox 782 1277 890 1332; x_wconf 88' lang='lat' dir='ltr'><strong>iactata</strong></span> <span class='ocrx_word' id='word_1_133' title='bbox 905 1275 1041 1330; x_wconf 90' lang='lat' dir='ltr'><strong>fluctibus</strong></span> <span class='ocrx_word' id='word_1_134' title='bbox 1059 1278 1089 1330; x_wconf 89' lang='lat' dir='ltr'><strong>in</strong></span> <span class='ocrx_word' id='word_1_135' title='bbox 1105 1293 1203 1330; x_wconf 90' lang='lat' dir='ltr'><strong>saxum</strong></span> <span class='ocrx_word' id='word_1_136' title='bbox 1215 1276 1309 1330; x_wconf 85' lang='lat' dir='ltr'><strong>eiecta</strong></span> 
     </span>
     <span class='ocr_line' id='line_1_15' title="bbox 129 1342 1309 1462; baseline 0.001 -67"><span class='ocrx_word' id='word_1_137' title='bbox 129 1360 201 1410; x_wconf 91' lang='lat' dir='ltr'><strong>sum,</strong></span> <span class='ocrx_word' id='word_1_138' title='bbox 215 1342 248 1395; x_wconf 91' lang='lat' dir='ltr'><strong>in</strong></span> <span class='ocrx_word' id='word_1_139' title='bbox 260 1359 315 1462; x_wconf 74' lang='lat' dir='ltr'><strong>quo</strong></span> <span class='ocrx_word' id='word_1_140' title='bbox 329 1343 448 1410; x_wconf 89' lang='lat' dir='ltr'><strong>sedens,</strong></span> <span class='ocrx_word' id='word_1_141' title='bbox 463 1343 529 1413; x_wconf 92' lang='lat' dir='ltr'><strong>quia</strong></span> <span class='ocrx_word' id='word_1_142' title='bbox 541 1361 586 1398; x_wconf 90' lang='lat' dir='ltr'><strong>me</strong></span> <span class='ocrx_word' id='word_1_143' title='bbox 598 1349 681 1398; x_wconf 89' lang='lat' dir='ltr'><strong>natos</strong></span> <span class='ocrx_word' id='word_1_144' title='bbox 692 1344 772 1398; x_wconf 90' lang='lat' dir='ltr'><strong>vivos</strong></span> <span class='ocrx_word' id='word_1_145' title='bbox 784 1351 958 1414; x_wconf 89' lang='lat' dir='ltr'><strong>reperturam</strong></span> <span class='ocrx_word' id='word_1_146' title='bbox 972 1361 984 1396; x_wconf 90' lang='lat' dir='ltr'><strong>s</strong></span> <span class='ocrx_word' id='word_1_147' title='bbox 1006 1343 1132 1422; x_wconf 70' lang='lat' dir='ltr'><strong>erabam,</strong></span> <span class='ocrx_word' id='word_1_148' title='bbox 1146 1342 1176 1396; x_wconf 93' lang='lat' dir='ltr'><strong>in</strong></span> <span class='ocrx_word' id='word_1_149' title='bbox 1187 1344 1309 1414; x_wconf 82' lang='lat' dir='ltr'><strong>pelagus</strong></span> 
     </span>
     <span class='ocr_line' id='line_1_16' title="bbox 130 1427 247 1464; baseline -0.009 -1"><span class='ocrx_word' id='word_1_150' title='bbox 130 1427 247 1464; x_wconf 92' lang='lat' dir='ltr'><strong>menon</strong></span> 
     </span>
     <span class='ocr_line' id='line_1_17' title="bbox 131 1477 583 1548; baseline 0 -18"><span class='ocrx_word' id='word_1_151' title='bbox 131 1484 161 1531; x_wconf 91' lang='lat' dir='ltr'><strong>et</strong></span> <span class='ocrx_word' id='word_1_152' title='bbox 172 1477 234 1548; x_wconf 59' lang='lat' dir='ltr'><strong>hoc,</strong></span> <span class='ocrx_word' id='word_1_153' title='bbox 241 1477 338 1532; x_wconf 89' lang='lat' dir='ltr'><strong>facere</strong></span> <span class='ocrx_word' id='word_1_154' title='bbox 350 1477 436 1532; x_wconf 90' lang='lat' dir='ltr'><strong>facile</strong></span> <span class='ocrx_word' id='word_1_155' title='bbox 448 1484 583 1548; x_wconf 90' lang='lat' dir='ltr'><strong>poteram.</strong></span> 
     </span>
    </p>
   </div>
   <div class='ocr_carea' id='block_1_4' title="bbox 126 1576 1310 2594">
    <p class='ocr_par' dir='ltr' id='par_1_4' title="bbox 126 1576 1310 2594">
     <span class='ocr_line' id='line_1_18' title="bbox 198 1576 1308 1648; baseline 0.001 -19"><span class='ocrx_word' id='word_1_156' title='bbox 198 1577 345 1633; x_wconf 87' lang='lat' dir='ltr'>LXXXV</span> <span class='ocrx_word' id='word_1_157' title='bbox 346 1619 351 1629; x_wconf 81' lang='grc'><em>.</em></span> <span class='ocrx_word' id='word_1_158' title='bbox 387 1578 493 1633; x_wconf 90' lang='lat' dir='ltr'><strong>Verum</strong></span> <span class='ocrx_word' id='word_1_159' title='bbox 504 1578 554 1633; x_wconf 90' lang='lat' dir='ltr'><strong>ubi</strong></span> <span class='ocrx_word' id='word_1_160' title='bbox 567 1579 675 1646; x_wconf 87' lang='lat' dir='ltr'><strong>illuxit,</strong></span> <span class='ocrx_word' id='word_1_161' title='bbox 692 1578 844 1648; x_wconf 90' lang='lat' dir='ltr'><strong>plurimum</strong></span> <span class='ocrx_word' id='word_1_162' title='bbox 857 1578 982 1632; x_wconf 88' lang='lat' dir='ltr'><strong>clamans</strong></span> <span class='ocrx_word' id='word_1_163' title='bbox 996 1583 1026 1631; x_wconf 91' lang='lat' dir='ltr'><strong>et</strong></span> <span class='ocrx_word' id='word_1_164' title='bbox 1037 1576 1239 1631; x_wconf 86' lang='lat' dir='ltr'><strong>miserabiliter</strong></span> <span class='ocrx_word' id='word_1_165' title='bbox 1250 1577 1308 1631; x_wconf 89' lang='lat' dir='ltr'><strong>eiu-</strong></span> 
     </span>
     <span class='ocr_line' id='line_1_19' title="bbox 129 1644 1310 1716; baseline 0 -19"><span class='ocrx_word' id='word_1_166' title='bbox 129 1645 195 1698; x_wconf 88' lang='lat' dir='ltr'><strong>lans</strong></span> <span class='ocrx_word' id='word_1_167' title='bbox 217 1645 484 1716; x_wconf 78' lang='lat' dir='ltr'><strong>circumspiciebam</strong></span> <span class='ocrx_word' id='word_1_168' title='bbox 504 1663 642 1716; x_wconf 89' lang='lat' dir='ltr'><strong>quaerens</strong></span> <span class='ocrx_word' id='word_1_169' title='bbox 668 1645 827 1700; x_wconf 88' lang='lat' dir='ltr'><strong>infelicium</strong></span> <span class='ocrx_word' id='word_1_170' title='bbox 847 1645 997 1699; x_wconf 91' lang='lat' dir='ltr'><strong>liberorum</strong></span> <span class='ocrx_word' id='word_1_171' title='bbox 1018 1661 1142 1698; x_wconf 88' lang='lat' dir='ltr'><strong>meorum</strong></span> <span class='ocrx_word' id='word_1_172' title='bbox 1163 1644 1310 1698; x_wconf 87' lang='lat' dir='ltr'><strong>cadavera.</strong></span> 
     </span>
     <span class='ocr_line' id='line_1_20' title="bbox 128 1711 1309 1783; baseline 0.002 -19"><span class='ocrx_word' id='word_1_173' title='bbox 128 1712 225 1783; x_wconf 84' lang='lat' dir='ltr'><strong>Igitur</strong></span> <span class='ocrx_word' id='word_1_174' title='bbox 242 1713 437 1767; x_wconf 85' lang='lat' dir='ltr'><strong>misericordia</strong></span> <span class='ocrx_word' id='word_1_175' title='bbox 455 1713 534 1768; x_wconf 91' lang='lat' dir='ltr'><strong>ducti</strong></span> <span class='ocrx_word' id='word_1_176' title='bbox 550 1731 579 1768; x_wconf 92' lang='lat' dir='ltr'><strong>re</strong></span> <span class='ocrx_word' id='word_1_177' title='bbox 603 1714 676 1768; x_wconf 91' lang='lat' dir='ltr'><strong>ionis</strong></span> <span class='ocrx_word' id='word_1_178' title='bbox 693 1714 771 1767; x_wconf 91' lang='lat' dir='ltr'><strong>illius</strong></span> <span class='ocrx_word' id='word_1_179' title='bbox 788 1713 917 1768; x_wconf 90' lang='lat' dir='ltr'><strong>homines</strong></span> <span class='ocrx_word' id='word_1_180' title='bbox 935 1718 964 1767; x_wconf 90' lang='lat' dir='ltr'><strong>et</strong></span> <span class='ocrx_word' id='word_1_181' title='bbox 984 1713 1088 1766; x_wconf 90' lang='lat' dir='ltr'><strong>nudam</strong></span> <span class='ocrx_word' id='word_1_182' title='bbox 1100 1711 1198 1765; x_wconf 92' lang='lat' dir='ltr'><strong>intuiti</strong></span> <span class='ocrx_word' id='word_1_183' title='bbox 1211 1712 1309 1766; x_wconf 89' lang='lat' dir='ltr'><strong>indue·</strong></span> 
     </span>
     <span class='ocr_line' id='line_1_21' title="bbox 126 1778 1309 1852; baseline -0.001 -20"><span class='ocrx_word' id='word_1_184' title='bbox 126 1787 202 1833; x_wconf 87' lang='lat' dir='ltr'><strong>runt.</strong></span> <span class='ocrx_word' id='word_1_185' title='bbox 239 1778 284 1834; x_wconf 85' lang='lat' dir='ltr'><strong>Ac</strong></span> <span class='ocrx_word' id='word_1_186' title='bbox 301 1781 404 1834; x_wconf 89' lang='lat' dir='ltr'><strong>deinde</strong></span> <span class='ocrx_word' id='word_1_187' title='bbox 420 1781 506 1835; x_wconf 91' lang='lat' dir='ltr'><strong>maris</strong></span> <span class='ocrx_word' id='word_1_188' title='bbox 522 1799 572 1852; x_wconf 92' lang='lat' dir='ltr'><strong>pro</strong></span> <span class='ocrx_word' id='word_1_189' title='bbox 586 1782 691 1835; x_wconf 89' lang='lat' dir='ltr'><strong>undum</strong></span> <span class='ocrx_word' id='word_1_190' title='bbox 709 1781 828 1836; x_wconf 88' lang='lat' dir='ltr'><strong>scrutati</strong></span> <span class='ocrx_word' id='word_1_191' title='bbox 846 1787 912 1835; x_wconf 91' lang='lat' dir='ltr'><strong>sunt</strong></span> <span class='ocrx_word' id='word_1_192' title='bbox 929 1787 1098 1852; x_wconf 87' lang='lat' dir='ltr'><strong>quaerentes</strong></span> <span class='ocrx_word' id='word_1_193' title='bbox 1118 1785 1202 1834; x_wconf 93' lang='lat' dir='ltr'><strong>natos</strong></span> <span class='ocrx_word' id='word_1_194' title='bbox 1223 1796 1309 1834; x_wconf 91' lang='lat' dir='ltr'><strong>meos.</strong></span> 
     </span>
     <span class='ocr_line' id='line_1_22' title="bbox 128 1847 1308 1928; baseline 0 -29"><span class='ocrx_word' id='word_1_195' title='bbox 128 1847 167 1900; x_wconf 89' lang='lat' dir='ltr'><strong>Et</strong></span> <span class='ocrx_word' id='word_1_196' title='bbox 187 1847 256 1928; x_wconf 87' lang='lat' dir='ltr'><strong>quia</strong></span> <span class='ocrx_word' id='word_1_197' title='bbox 273 1865 330 1902; x_wconf 90' lang='lat' dir='ltr'><strong>non</strong></span> <span class='ocrx_word' id='word_1_198' title='bbox 347 1847 544 1916; x_wconf 83' lang='lat' dir='ltr'><strong>inveniebant,</strong></span> <span class='ocrx_word' id='word_1_199' title='bbox 563 1849 716 1904; x_wconf 89' lang='lat' dir='ltr'><strong>nonnullae</strong></span> <span class='ocrx_word' id='word_1_200' title='bbox 732 1849 891 1920; x_wconf 87' lang='lat' dir='ltr'><strong>hospitales</strong></span> <span class='ocrx_word' id='word_1_201' title='bbox 911 1849 1043 1902; x_wconf 92' lang='lat' dir='ltr'><strong>mulieres</strong></span> <span class='ocrx_word' id='word_1_202' title='bbox 1064 1847 1231 1902; x_wconf 89' lang='lat' dir='ltr'><strong>consolandi</strong></span> <span class='ocrx_word' id='word_1_203' title='bbox 1252 1847 1308 1900; x_wconf 91' lang='lat' dir='ltr'><strong>mei</strong></span> 
     </span>
     <span class='ocr_line' id='line_1_23' title="bbox 127 1914 1309 1988; baseline -0.002 -20"><span class='ocrx_word' id='word_1_204' title='bbox 127 1921 223 1986; x_wconf 83' lang='lat' dir='ltr'><strong>gratra</strong></span> <span class='ocrx_word' id='word_1_205' title='bbox 241 1921 424 1969; x_wconf 91' lang='lat' dir='ltr'><strong>accesserunt</strong></span> <span class='ocrx_word' id='word_1_206' title='bbox 445 1922 474 1970; x_wconf 92' lang='lat' dir='ltr'><strong>et</strong></span> <span class='ocrx_word' id='word_1_207' title='bbox 491 1934 542 1971; x_wconf 89' lang='lat' dir='ltr'><strong>sua</strong></span> <span class='ocrx_word' id='word_1_208' title='bbox 557 1917 687 1988; x_wconf 90' lang='lat' dir='ltr'><strong>singulae</strong></span> <span class='ocrx_word' id='word_1_209' title='bbox 704 1918 779 1970; x_wconf 91' lang='lat' dir='ltr'><strong>mala</strong></span> <span class='ocrx_word' id='word_1_210' title='bbox 796 1915 974 1983; x_wconf 85' lang='lat' dir='ltr'><strong>enarrabant,</strong></span> <span class='ocrx_word' id='word_1_211' title='bbox 991 1922 1024 1969; x_wconf 94' lang='lat' dir='ltr'><strong>ut</strong></span> <span class='ocrx_word' id='word_1_212' title='bbox 1041 1916 1176 1968; x_wconf 90' lang='lat' dir='ltr'><strong>similium</strong></span> <span class='ocrx_word' id='word_1_213' title='bbox 1194 1914 1309 1968; x_wconf 88' lang='lat' dir='ltr'><strong>calami·</strong></span> 
     </span>
     <span class='ocr_line' id='line_1_24' title="bbox 129 1983 1309 2052; baseline 0.001 -17"><span class='ocrx_word' id='word_1_214' title='bbox 129 1988 191 2036; x_wconf 89' lang='lat' dir='ltr'><strong>tate</strong></span> <span class='ocrx_word' id='word_1_215' title='bbox 204 1987 317 2052; x_wconf 88' lang='lat' dir='ltr'><strong>partem</strong></span> <span class='ocrx_word' id='word_1_216' title='bbox 330 1983 533 2038; x_wconf 87' lang='lat' dir='ltr'><strong>consolationis</strong></span> <span class='ocrx_word' id='word_1_217' title='bbox 543 1983 573 2037; x_wconf 93' lang='lat' dir='ltr'><strong>in</strong></span> <span class='ocrx_word' id='word_1_218' title='bbox 582 1985 653 2038; x_wconf 92' lang='lat' dir='ltr'><strong>meis</strong></span> <span class='ocrx_word' id='word_1_219' title='bbox 665 1983 887 2038; x_wconf 90' lang='lat' dir='ltr'><strong>adversitatibus</strong></span> <span class='ocrx_word' id='word_1_220' title='bbox 899 1984 1090 2052; x_wconf 71' lang='lat' dir='ltr'><strong>nanciscerer,</strong></span> <span class='ocrx_word' id='word_1_221' title='bbox 1103 1983 1134 2036; x_wconf 91' lang='lat' dir='ltr'><strong>id</strong></span> <span class='ocrx_word' id='word_1_222' title='bbox 1164 1983 1220 2036; x_wconf 89' lang='lat' dir='ltr'><strong>uod</strong></span> <span class='ocrx_word' id='word_1_223' title='bbox 1230 1987 1309 2036; x_wconf 91' lang='lat' dir='ltr'><strong>certe</strong></span> 
     </span>
     <span class='ocr_line' id='line_1_25' title="bbox 129 2048 1309 2130; baseline 0.003 -28"><span class='ocrx_word' id='word_1_224' title='bbox 129 2067 176 2103; x_wconf 91' lang='lat' dir='ltr'><strong>me</strong></span> <span class='ocrx_word' id='word_1_225' title='bbox 188 2051 283 2121; x_wconf 90' lang='lat' dir='ltr'><strong>magis</strong></span> <span class='ocrx_word' id='word_1_226' title='bbox 296 2051 448 2130; x_wconf 88' lang='lat' dir='ltr'><strong>torquebat</strong></span> <span class='ocrx_word' id='word_1_227' title='bbox 457 2051 635 2121; x_wconf 89' lang='lat' dir='ltr'><strong>animumque</strong></span> <span class='ocrx_word' id='word_1_228' title='bbox 648 2052 713 2122; x_wconf 93' lang='lat' dir='ltr'><strong>plus</strong></span> <span class='ocrx_word' id='word_1_229' title='bbox 726 2051 881 2118; x_wconf 89' lang='lat' dir='ltr'><strong>lacerabat,</strong></span> <span class='ocrx_word' id='word_1_230' title='bbox 896 2051 961 2104; x_wconf 90' lang='lat' dir='ltr'><strong>dum</strong></span> <span class='ocrx_word' id='word_1_231' title='bbox 973 2048 1091 2105; x_wconf 88' lang='lat' dir='ltr'><strong>aliarum</strong></span> <span class='ocrx_word' id='word_1_232' title='bbox 1102 2069 1130 2103; x_wconf 92' lang='lat' dir='ltr'><strong>m</strong></span> <span class='ocrx_word' id='word_1_233' title='bbox 1163 2049 1251 2104; x_wconf 87' lang='lat' dir='ltr'><strong>ierurn</strong></span> <span class='ocrx_word' id='word_1_234' title='bbox 1264 2068 1309 2105; x_wconf 88' lang='lat' dir='ltr'><strong>ca-</strong></span> 
     </span>
     <span class='ocr_line' id='line_1_26' title="bbox 129 2118 1310 2188; baseline 0.002 -18"><span class='ocrx_word' id='word_1_235' title='bbox 129 2118 277 2172; x_wconf 86' lang='lat' dir='ltr'><strong>lamitates</strong></span> <span class='ocrx_word' id='word_1_236' title='bbox 290 2119 424 2172; x_wconf 76' lang='lat' dir='ltr'><strong>audirem.</strong></span> <span class='ocrx_word' id='word_1_237' title='bbox 462 2118 593 2174; x_wconf 83' lang='lat' dir='ltr'><strong>Ceterum</strong></span> <span class='ocrx_word' id='word_1_238' title='bbox 611 2137 674 2173; x_wconf 93' lang='lat' dir='ltr'><strong>cum</strong></span> <span class='ocrx_word' id='word_1_239' title='bbox 691 2121 798 2174; x_wconf 90' lang='lat' dir='ltr'><strong>multae</strong></span> <span class='ocrx_word' id='word_1_240' title='bbox 815 2136 860 2173; x_wconf 90' lang='lat' dir='ltr'><strong>me</strong></span> <span class='ocrx_word' id='word_1_241' title='bbox 877 2119 1003 2188; x_wconf 91' lang='lat' dir='ltr'><strong>hospitio</strong></span> <span class='ocrx_word' id='word_1_242' title='bbox 1019 2119 1146 2188; x_wconf 89' lang='lat' dir='ltr'><strong>recipere</strong></span> <span class='ocrx_word' id='word_1_243' title='bbox 1163 2123 1310 2188; x_wconf 86' lang='lat' dir='ltr'><strong>cuperent,</strong></span> 
     </span>
     <span class='ocr_line' id='line_1_27' title="bbox 128 2185 1309 2258; baseline 0.003 -20"><span class='ocrx_word' id='word_1_244' title='bbox 128 2185 272 2256; x_wconf 89' lang='lat' dir='ltr'><strong>quaedam</strong></span> <span class='ocrx_word' id='word_1_245' title='bbox 285 2185 345 2239; x_wconf 90' lang='lat' dir='ltr'><strong>eius</strong></span> <span class='ocrx_word' id='word_1_246' title='bbox 358 2186 416 2240; x_wconf 91' lang='lat' dir='ltr'><strong>loci</strong></span> <span class='ocrx_word' id='word_1_247' title='bbox 427 2187 600 2257; x_wconf 89' lang='lat' dir='ltr'><strong>paupercula</strong></span> <span class='ocrx_word' id='word_1_248' title='bbox 612 2187 703 2241; x_wconf 93' lang='lat' dir='ltr'><strong>multa</strong></span> <span class='ocrx_word' id='word_1_249' title='bbox 713 2186 743 2240; x_wconf 93' lang='lat' dir='ltr'><strong>vi</strong></span> <span class='ocrx_word' id='word_1_250' title='bbox 754 2186 885 2240; x_wconf 89' lang='lat' dir='ltr'><strong>adhibita</strong></span> <span class='ocrx_word' id='word_1_251' title='bbox 896 2187 1051 2258; x_wconf 88' lang='lat' dir='ltr'><strong>persuasit,</strong></span> <span class='ocrx_word' id='word_1_252' title='bbox 1069 2193 1101 2240; x_wconf 91' lang='lat' dir='ltr'><strong>ut</strong></span> <span class='ocrx_word' id='word_1_253' title='bbox 1118 2185 1155 2240; x_wconf 89' lang='lat' dir='ltr'><strong>ad</strong></span> <span class='ocrx_word' id='word_1_254' title='bbox 1168 2203 1247 2238; x_wconf 92' lang='lat' dir='ltr'><strong>suum</strong></span> <span class='ocrx_word' id='word_1_255' title='bbox 1261 2187 1309 2241; x_wconf 92' lang='lat' dir='ltr'><strong>do-</strong></span> 
     </span>
     <span class='ocr_line' id='line_1_28' title="bbox 129 2252 1309 2324; baseline 0.002 -20"><span class='ocrx_word' id='word_1_256' title='bbox 129 2252 272 2305; x_wconf 90' lang='lat' dir='ltr'><strong>micilium</strong></span> <span class='ocrx_word' id='word_1_257' title='bbox 284 2270 432 2324; x_wconf 90' lang='lat' dir='ltr'><strong>pergerem</strong></span> <span class='ocrx_word' id='word_1_258' title='bbox 445 2252 578 2322; x_wconf 84' lang='lat' dir='ltr'><strong>Confide,</strong></span> <span class='ocrx_word' id='word_1_259' title='bbox 598 2254 710 2321; x_wconf 72' lang='lat' dir='ltr'><strong>dicens,</strong></span> <span class='ocrx_word' id='word_1_260' title='bbox 731 2255 837 2308; x_wconf 89' lang='lat' dir='ltr'><strong>etenim</strong></span> <span class='ocrx_word' id='word_1_261' title='bbox 853 2253 897 2308; x_wconf 89' lang='lat' dir='ltr'><strong>vir</strong></span> <span class='ocrx_word' id='word_1_262' title='bbox 914 2271 1007 2322; x_wconf 89' lang='lat' dir='ltr'><strong>meus,</strong></span> <span class='ocrx_word' id='word_1_263' title='bbox 1029 2253 1077 2324; x_wconf 93' lang='lat' dir='ltr'><strong>qui</strong></span> <span class='ocrx_word' id='word_1_264' title='bbox 1096 2259 1156 2308; x_wconf 90' lang='lat' dir='ltr'><strong>erat</strong></span> <span class='ocrx_word' id='word_1_265' title='bbox 1168 2260 1265 2321; x_wconf 89' lang='lat' dir='ltr'><strong>nauta,</strong></span> <span class='ocrx_word' id='word_1_266' title='bbox 1279 2253 1309 2306; x_wconf 89' lang='lat' dir='ltr'><strong>in</strong></span> 
     </span>
     <span class='ocr_line' id='line_1_29' title="bbox 127 2319 1310 2401; baseline 0.002 -29"><span class='ocrx_word' id='word_1_267' title='bbox 127 2319 201 2372; x_wconf 90' lang='lat' dir='ltr'><strong>mari</strong></span> <span class='ocrx_word' id='word_1_268' title='bbox 219 2319 371 2374; x_wconf 89' lang='lat' dir='ltr'><strong>admodum</strong></span> <span class='ocrx_word' id='word_1_269' title='bbox 388 2320 498 2374; x_wconf 87' lang='lat' dir='ltr'><strong>iuvenis</strong></span> <span class='ocrx_word' id='word_1_270' title='bbox 517 2322 596 2375; x_wconf 93' lang='lat' dir='ltr'><strong>obiit.</strong></span> <span class='ocrx_word' id='word_1_271' title='bbox 630 2319 726 2401; x_wconf 83' lang='lat' dir='ltr'><strong>Atque</strong></span> <span class='ocrx_word' id='word_1_272' title='bbox 747 2321 783 2375; x_wconf 89' lang='lat' dir='ltr'><strong>ab</strong></span> <span class='ocrx_word' id='word_1_273' title='bbox 801 2339 834 2375; x_wconf 91' lang='lat' dir='ltr'><strong>eo</strong></span> <span class='ocrx_word' id='word_1_274' title='bbox 853 2327 980 2391; x_wconf 89' lang='lat' dir='ltr'><strong>tempore</strong></span> <span class='ocrx_word' id='word_1_275' title='bbox 997 2321 1065 2375; x_wconf 88' lang='lat' dir='ltr'><strong>lieet</strong></span> <span class='ocrx_word' id='word_1_276' title='bbox 1082 2322 1165 2374; x_wconf 90' lang='lat' dir='ltr'><strong>multi</strong></span> <span class='ocrx_word' id='word_1_277' title='bbox 1181 2321 1310 2393; x_wconf 87' lang='lat' dir='ltr'><strong>rogarint</strong></span> 
     </span>
     <span class='ocr_line' id='line_1_30' title="bbox 127 2388 1308 2460; baseline 0 -20"><span class='ocrx_word' id='word_1_278' title='bbox 127 2403 183 2453; x_wconf 89' lang='lat' dir='ltr'><strong>me,</strong></span> <span class='ocrx_word' id='word_1_279' title='bbox 196 2393 231 2440; x_wconf 91' lang='lat' dir='ltr'><strong>ut</strong></span> <span class='ocrx_word' id='word_1_280' title='bbox 242 2389 358 2458; x_wconf 87' lang='lat' dir='ltr'><strong>nuptias</strong></span> <span class='ocrx_word' id='word_1_281' title='bbox 372 2389 574 2458; x_wconf 89' lang='lat' dir='ltr'><strong>contraherem,</strong></span> <span class='ocrx_word' id='word_1_282' title='bbox 588 2406 642 2460; x_wconf 89' lang='lat' dir='ltr'><strong>ego</strong></span> <span class='ocrx_word' id='word_1_283' title='bbox 654 2389 708 2443; x_wconf 85' lang='lat' dir='ltr'><strong>vrri</strong></span> <span class='ocrx_word' id='word_1_284' title='bbox 720 2389 776 2442; x_wconf 92' lang='lat' dir='ltr'><strong>mei</strong></span> <span class='ocrx_word' id='word_1_285' title='bbox 788 2388 930 2442; x_wconf 88' lang='lat' dir='ltr'><strong>desiderio</strong></span> <span class='ocrx_word' id='word_1_286' title='bbox 948 2405 1033 2458; x_wconf 87' lang='lat' dir='ltr'><strong>agere</strong></span> <span class='ocrx_word' id='word_1_287' title='bbox 1050 2388 1080 2440; x_wconf 91' lang='lat' dir='ltr'><strong>in</strong></span> <span class='ocrx_word' id='word_1_288' title='bbox 1097 2389 1238 2442; x_wconf 89' lang='lat' dir='ltr'><strong>viduitate</strong></span> <span class='ocrx_word' id='word_1_289' title='bbox 1250 2403 1308 2441; x_wconf 89' lang='lat' dir='ltr'><strong>ma·</strong></span> 
     </span>
     <span class='ocr_line' id='line_1_31' title="bbox 129 2454 1308 2525; baseline -0.001 -18"><span class='ocrx_word' id='word_1_290' title='bbox 129 2454 179 2508; x_wconf 88' lang='lat' dir='ltr'><strong>lui.</strong></span> <span class='ocrx_word' id='word_1_291' title='bbox 216 2454 308 2508; x_wconf 85' lang='lat' dir='ltr'><strong>Erunt</strong></span> <span class='ocrx_word' id='word_1_292' title='bbox 319 2461 415 2510; x_wconf 91' lang='lat' dir='ltr'><strong>autem</strong></span> <span class='ocrx_word' id='word_1_293' title='bbox 427 2456 565 2510; x_wconf 90' lang='lat' dir='ltr'><strong>internos</strong></span> <span class='ocrx_word' id='word_1_294' title='bbox 578 2455 751 2521; x_wconf 90' lang='lat' dir='ltr'><strong>communia,</strong></span> <span class='ocrx_word' id='word_1_295' title='bbox 763 2471 956 2524; x_wconf 89' lang='lat' dir='ltr'><strong>quaecumque</strong></span> <span class='ocrx_word' id='word_1_296' title='bbox 969 2454 1100 2508; x_wconf 89' lang='lat' dir='ltr'><strong>manibus</strong></span> <span class='ocrx_word' id='word_1_297' title='bbox 1116 2455 1217 2510; x_wconf 88' lang='lat' dir='ltr'><strong>ambae</strong></span> <span class='ocrx_word' id='word_1_298' title='bbox 1228 2460 1308 2525; x_wconf 91' lang='lat' dir='ltr'><strong>pote-</strong></span> 
     </span>
     <span class='ocr_line' id='line_1_32' title="bbox 131 2521 769 2594; baseline -0.005 -18"><span class='ocrx_word' id='word_1_299' title='bbox 131 2523 222 2576; x_wconf 88' lang='lat' dir='ltr'><strong>rimus</strong></span> <span class='ocrx_word' id='word_1_300' title='bbox 236 2540 406 2593; x_wconf 90' lang='lat' dir='ltr'><strong>comparare.</strong></span> <span class='ocrx_word' id='word_1_301' title='bbox 440 2521 537 2594; x_wconf 90' lang='lat' dir='ltr'><strong>Atque</strong></span> <span class='ocrx_word' id='word_1_302' title='bbox 547 2523 610 2594; x_wconf 89' lang='lat' dir='ltr'><strong>ipsa</strong></span> <span class='ocrx_word' id='word_1_303' title='bbox 621 2523 769 2578; x_wconf 88' lang='lat' dir='ltr'><strong>hactenus.</strong></span> 
     </span>
    </p>
   </div>
   <div class='ocr_carea' id='block_1_5' title="bbox 126 2614 1311 3370">
    <p class='ocr_par' dir='ltr' id='par_1_5' title="bbox 126 2614 1311 3370">
     <span class='ocr_line' id='line_1_33' title="bbox 199 2614 1308 2696; baseline -0.002 -20"><span class='ocrx_word' id='word_1_304' title='bbox 199 2623 366 2678; x_wconf 81' lang='lat' dir='ltr'>LXXXVI.</span> <span class='ocrx_word' id='word_1_305' title='bbox 400 2623 464 2696; x_wconf 86' lang='lat' dir='ltr'><strong>Ego</strong></span> <span class='ocrx_word' id='word_1_306' title='bbox 480 2641 547 2679; x_wconf 88' lang='lat' dir='ltr'><strong>vero</strong></span> <span class='ocrx_word' id='word_1_307' title='bbox 565 2641 600 2678; x_wconf 91' lang='lat' dir='ltr'><strong>ne</strong></span> <span class='ocrx_word' id='word_1_308' title='bbox 612 2623 668 2677; x_wconf 92' lang='lat' dir='ltr'><strong>tibi</strong></span> <span class='ocrx_word' id='word_1_309' title='bbox 681 2639 838 2677; x_wconf 91' lang='lat' dir='ltr'><strong>sermonem</strong></span> <span class='ocrx_word' id='word_1_310' title='bbox 857 2621 891 2676; x_wconf 91' lang='lat' dir='ltr'><strong>de</strong></span> <span class='ocrx_word' id='word_1_311' title='bbox 904 2614 949 2674; x_wconf 83' lang='lat' dir='ltr'><strong>his</strong></span> <span class='ocrx_word' id='word_1_312' title='bbox 962 2620 992 2674; x_wconf 93' lang='lat' dir='ltr'><strong>in</strong></span> <span class='ocrx_word' id='word_1_313' title='bbox 1004 2619 1121 2692; x_wconf 87' lang='lat' dir='ltr'><strong>longum</strong></span> <span class='ocrx_word' id='word_1_314' title='bbox 1138 2621 1308 2692; x_wconf 88' lang='lat' dir='ltr'><strong>protraham,</strong></span> 
     </span>
     <span class='ocr_line' id='line_1_34' title="bbox 128 2687 1309 2762; baseline -0.005 -16"><span class='ocrx_word' id='word_1_315' title='bbox 128 2709 195 2746; x_wconf 90' lang='lat' dir='ltr'><strong>cum</strong></span> <span class='ocrx_word' id='word_1_316' title='bbox 209 2709 244 2746; x_wconf 90' lang='lat' dir='ltr'><strong>ea</strong></span> <span class='ocrx_word' id='word_1_317' title='bbox 255 2691 384 2746; x_wconf 88' lang='lat' dir='ltr'><strong>habitavi</strong></span> <span class='ocrx_word' id='word_1_318' title='bbox 401 2698 517 2762; x_wconf 91' lang='lat' dir='ltr'><strong>propter</strong></span> <span class='ocrx_word' id='word_1_319' title='bbox 532 2708 669 2758; x_wconf 91' lang='lat' dir='ltr'><strong>amorem,</strong></span> <span class='ocrx_word' id='word_1_320' title='bbox 687 2707 741 2761; x_wconf 94' lang='lat' dir='ltr'><strong>quo</strong></span> <span class='ocrx_word' id='word_1_321' title='bbox 757 2689 888 2744; x_wconf 89' lang='lat' dir='ltr'><strong>maritum</strong></span> <span class='ocrx_word' id='word_1_322' title='bbox 900 2687 1130 2760; x_wconf 89' lang='lat' dir='ltr'><strong>prosequebatur.</strong></span> <span class='ocrx_word' id='word_1_323' title='bbox 1165 2689 1227 2744; x_wconf 90' lang='lat' dir='ltr'><strong>Nec</strong></span> <span class='ocrx_word' id='word_1_324' title='bbox 1239 2689 1309 2742; x_wconf 89' lang='lat' dir='ltr'><strong>mul-</strong></span> 
     </span>
     <span class='ocr_line' id='line_1_35' title="bbox 128 2755 1309 2830; baseline -0.003 -17"><span class='ocrx_word' id='word_1_325' title='bbox 128 2765 191 2812; x_wconf 91' lang='lat' dir='ltr'><strong>tum</strong></span> <span class='ocrx_word' id='word_1_326' title='bbox 208 2765 321 2829; x_wconf 92' lang='lat' dir='ltr'><strong>tempus</strong></span> <span class='ocrx_word' id='word_1_327' title='bbox 339 2758 538 2813; x_wconf 90' lang='lat' dir='ltr'><strong>intermedium</strong></span> <span class='ocrx_word' id='word_1_328' title='bbox 555 2758 624 2826; x_wconf 86' lang='lat' dir='ltr'><strong>fuit,</strong></span> <span class='ocrx_word' id='word_1_329' title='bbox 643 2758 755 2830; x_wconf 91' lang='lat' dir='ltr'><strong>quando</strong></span> <span class='ocrx_word' id='word_1_330' title='bbox 778 2763 807 2812; x_wconf 92' lang='lat' dir='ltr'><strong>et</strong></span> <span class='ocrx_word' id='word_1_331' title='bbox 823 2774 902 2812; x_wconf 90' lang='lat' dir='ltr'><strong>meae</strong></span> <span class='ocrx_word' id='word_1_332' title='bbox 919 2773 1018 2810; x_wconf 91' lang='lat' dir='ltr'><strong>manus</strong></span> <span class='ocrx_word' id='word_1_333' title='bbox 1039 2755 1166 2811; x_wconf 89' lang='lat' dir='ltr'><strong>infelicis</strong></span> <span class='ocrx_word' id='word_1_334' title='bbox 1181 2755 1309 2810; x_wconf 92' lang='lat' dir='ltr'><strong>mulieris</strong></span> 
     </span>
     <span class='ocr_line' id='line_1_36' title="bbox 127 2823 1309 2905; baseline -0.003 -25"><span class='ocrx_word' id='word_1_335' title='bbox 127 2826 272 2880; x_wconf 88' lang='lat' dir='ltr'><strong>morsibus</strong></span> <span class='ocrx_word' id='word_1_336' title='bbox 285 2825 455 2880; x_wconf 86' lang='lat' dir='ltr'><strong>debilitatae</strong></span> <span class='ocrx_word' id='word_1_337' title='bbox 468 2833 543 2893; x_wconf 86' lang='lat' dir='ltr'><strong>sunt,</strong></span> <span class='ocrx_word' id='word_1_338' title='bbox 558 2832 586 2881; x_wconf 92' lang='lat' dir='ltr'><strong>et</strong></span> <span class='ocrx_word' id='word_1_339' title='bbox 599 2844 633 2881; x_wconf 90' lang='lat' dir='ltr'><strong>ea</strong></span> <span class='ocrx_word' id='word_1_340' title='bbox 644 2826 747 2880; x_wconf 90' lang='lat' dir='ltr'><strong>mulier</strong></span> <span class='ocrx_word' id='word_1_341' title='bbox 759 2842 830 2896; x_wconf 90' lang='lat' dir='ltr'><strong>quae</strong></span> <span class='ocrx_word' id='word_1_342' title='bbox 844 2843 889 2880; x_wconf 92' lang='lat' dir='ltr'><strong>me</strong></span> <span class='ocrx_word' id='word_1_343' title='bbox 903 2829 1067 2894; x_wconf 88' lang='lat' dir='ltr'><strong>susceperat</strong></span> <span class='ocrx_word' id='word_1_344' title='bbox 1078 2824 1175 2880; x_wconf 88' lang='lat' dir='ltr'><strong>morbo</strong></span> <span class='ocrx_word' id='word_1_345' title='bbox 1188 2823 1309 2905; x_wconf 87' lang='lat' dir='ltr'><strong>quodam</strong></span> 
     </span>
     <span class='ocr_line' id='line_1_37' title="bbox 126 2892 1309 2974; baseline -0.002 -26"><span class='ocrx_word' id='word_1_346' title='bbox 126 2900 192 2949; x_wconf 88' lang='lat' dir='ltr'><strong>tota</strong></span> <span class='ocrx_word' id='word_1_347' title='bbox 211 2899 352 2964; x_wconf 89' lang='lat' dir='ltr'><strong>occupata</strong></span> <span class='ocrx_word' id='word_1_348' title='bbox 369 2893 428 2948; x_wconf 89' lang='lat' dir='ltr'><strong>fere</strong></span> <span class='ocrx_word' id='word_1_349' title='bbox 453 2894 608 2948; x_wconf 88' lang='lat' dir='ltr'><strong>immobilis</strong></span> <span class='ocrx_word' id='word_1_350' title='bbox 629 2894 705 2948; x_wconf 92' lang='lat' dir='ltr'><strong>domi</strong></span> <span class='ocrx_word' id='word_1_351' title='bbox 727 2893 822 2948; x_wconf 90' lang='lat' dir='ltr'><strong>iacuit.</strong></span> <span class='ocrx_word' id='word_1_352' title='bbox 861 2892 1006 2960; x_wconf 81' lang='lat' dir='ltr'><strong>¹Quoniam</strong></span> <span class='ocrx_word' id='word_1_353' title='bbox 1027 2909 1095 2974; x_wconf 86' lang='lat' dir='ltr'><strong>ergo</strong></span> <span class='ocrx_word' id='word_1_354' title='bbox 1116 2892 1309 2946; x_wconf 77' lang='lat' dir='ltr'><strong>misericordia</strong></span> 
     </span>
     <span class='ocr_line' id='line_1_38' title="bbox 126 2959 1309 3042; baseline -0.002 -26"><span class='ocrx_word' id='word_1_355' title='bbox 126 2962 198 3016; x_wconf 89' lang='lat' dir='ltr'><strong>mul&#39;</strong></span> <span class='ocrx_word' id='word_1_356' title='bbox 219 2980 289 3027; x_wconf 91' lang='lat' dir='ltr'><strong>rum,</strong></span> <span class='ocrx_word' id='word_1_357' title='bbox 303 2978 375 3041; x_wconf 87' lang='lat' dir='ltr'><strong>quae</strong></span> <span class='ocrx_word' id='word_1_358' title='bbox 388 2961 456 3015; x_wconf 92' lang='lat' dir='ltr'><strong>olim</strong></span> <span class='ocrx_word' id='word_1_359' title='bbox 469 2961 765 3028; x_wconf 88' lang='lat' dir='ltr'><strong>commiserescebant,</strong></span> <span class='ocrx_word' id='word_1_360' title='bbox 779 2961 835 3016; x_wconf 87' lang='lat' dir='ltr'><strong>iam</strong></span> <span class='ocrx_word' id='word_1_361' title='bbox 847 2961 975 3033; x_wconf 91' lang='lat' dir='ltr'><strong>vigorem</strong></span> <span class='ocrx_word' id='word_1_362' title='bbox 984 2961 1089 3027; x_wconf 79' lang='lat' dir='ltr'><strong>amisit,</strong></span> <span class='ocrx_word' id='word_1_363' title='bbox 1103 2979 1137 3016; x_wconf 92' lang='lat' dir='ltr'><strong>ac</strong></span> <span class='ocrx_word' id='word_1_364' title='bbox 1147 2978 1202 3042; x_wconf 78' lang='lat' dir='ltr'><strong>ego</strong></span> <span class='ocrx_word' id='word_1_365' title='bbox 1215 2959 1309 3014; x_wconf 86' lang='lat' dir='ltr'><strong>stilla</strong></span> 
     </span>
     <span class='ocr_line' id='line_1_39' title="bbox 127 3028 1308 3100; baseline -0.002 -16"><span class='ocrx_word' id='word_1_366' title='bbox 127 3030 175 3085; x_wconf 91' lang='lat' dir='ltr'><strong>cla</strong></span> <span class='ocrx_word' id='word_1_367' title='bbox 251 3029 328 3082; x_wconf 85' lang='lat' dir='ltr'><strong>domr</strong></span> <span class='ocrx_word' id='word_1_368' title='bbox 348 3029 448 3084; x_wconf 89' lang='lat' dir='ltr'><strong>ambae</strong></span> <span class='ocrx_word' id='word_1_369' title='bbox 465 3029 588 3084; x_wconf 88' lang='lat' dir='ltr'><strong>miseriis</strong></span> <span class='ocrx_word' id='word_1_370' title='bbox 610 3045 750 3100; x_wconf 84' lang='lat' dir='ltr'><strong>exaequo</strong></span> <span class='ocrx_word' id='word_1_371' title='bbox 770 3029 889 3096; x_wconf 90' lang='lat' dir='ltr'><strong>utimur,</strong></span> <span class='ocrx_word' id='word_1_372' title='bbox 909 3046 985 3082; x_wconf 91' lang='lat' dir='ltr'><strong>nunc</strong></span> <span class='ocrx_word' id='word_1_373' title='bbox 1005 3035 1038 3082; x_wconf 91' lang='lat' dir='ltr'><strong>ut</strong></span> <span class='ocrx_word' id='word_1_374' title='bbox 1054 3030 1135 3084; x_wconf 91' lang='lat' dir='ltr'><strong>vides</strong></span> <span class='ocrx_word' id='word_1_375' title='bbox 1154 3028 1200 3082; x_wconf 86' lang='lat' dir='ltr'><strong>hrc</strong></span> <span class='ocrx_word' id='word_1_376' title='bbox 1223 3028 1308 3082; x_wconf 90' lang='lat' dir='ltr'><strong>sedeo</strong></span> 
     </span>
     <span class='ocr_line' id='line_1_40' title="bbox 128 3095 1311 3217; baseline -0.002 -67"><span class='ocrx_word' id='word_1_377' title='bbox 128 3099 235 3168; x_wconf 88' lang='lat' dir='ltr'><strong>stipem</strong></span> <span class='ocrx_word' id='word_1_378' title='bbox 247 3103 360 3167; x_wconf 90' lang='lat' dir='ltr'><strong>petens,</strong></span> <span class='ocrx_word' id='word_1_379' title='bbox 373 3103 402 3151; x_wconf 92' lang='lat' dir='ltr'><strong>et</strong></span> <span class='ocrx_word' id='word_1_380' title='bbox 416 3115 488 3167; x_wconf 90' lang='lat' dir='ltr'><strong>quae</strong></span> <span class='ocrx_word' id='word_1_381' title='bbox 501 3096 571 3150; x_wconf 93' lang='lat' dir='ltr'><strong>mihi</strong></span> <span class='ocrx_word' id='word_1_382' title='bbox 584 3096 802 3217; x_wconf 77' lang='lat' dir='ltr'><strong>suppeditantur</strong></span> <span class='ocrx_word' id='word_1_383' title='bbox 814 3097 974 3151; x_wconf 90' lang='lat' dir='ltr'><strong>communia</strong></span> <span class='ocrx_word' id='word_1_384' title='bbox 986 3095 1061 3152; x_wconf 90' lang='lat' dir='ltr'><strong>facio</strong></span> <span class='ocrx_word' id='word_1_385' title='bbox 1072 3116 1135 3151; x_wconf 90' lang='lat' dir='ltr'><strong>cum</strong></span> <span class='ocrx_word' id='word_1_386' title='bbox 1145 3096 1196 3150; x_wconf 90' lang='lat' dir='ltr'><strong>illa</strong></span> <span class='ocrx_word' id='word_1_387' title='bbox 1203 3097 1311 3166; x_wconf 90' lang='lat' dir='ltr'><strong>pariter</strong></span> 
     </span>
     <span class='ocr_line' id='line_1_41' title="bbox 128 3162 1310 3234; baseline -0.001 -17"><span class='ocrx_word' id='word_1_388' title='bbox 128 3165 241 3218; x_wconf 90' lang='lat' dir='ltr'><strong>misera.</strong></span> <span class='ocrx_word' id='word_1_389' title='bbox 278 3162 322 3218; x_wconf 89' lang='lat' dir='ltr'><strong>Ae</strong></span> <span class='ocrx_word' id='word_1_390' title='bbox 338 3181 418 3219; x_wconf 87' lang='lat' dir='ltr'><strong>meae</strong></span> <span class='ocrx_word' id='word_1_391' title='bbox 435 3165 549 3234; x_wconf 87' lang='lat' dir='ltr'><strong>quidem</strong></span> <span class='ocrx_word' id='word_1_392' title='bbox 564 3182 610 3218; x_wconf 90' lang='lat' dir='ltr'><strong>res</strong></span> <span class='ocrx_word' id='word_1_393' title='bbox 648 3182 681 3218; x_wconf 93' lang='lat' dir='ltr'><strong>oc</strong></span> <span class='ocrx_word' id='word_1_394' title='bbox 698 3165 782 3219; x_wconf 92' lang='lat' dir='ltr'><strong>modo</strong></span> <span class='ocrx_word' id='word_1_395' title='bbox 801 3165 958 3218; x_wconf 84' lang='lat' dir='ltr'><strong>sehabent.</strong></span> <span class='ocrx_word' id='word_1_396' title='bbox 994 3163 1143 3234; x_wconf 85' lang='lat' dir='ltr'><strong>Superest,</strong></span> <span class='ocrx_word' id='word_1_397' title='bbox 1162 3169 1194 3217; x_wconf 94' lang='lat' dir='ltr'><strong>ut</strong></span> <span class='ocrx_word' id='word_1_398' title='bbox 1211 3170 1240 3217; x_wconf 90' lang='lat' dir='ltr'><strong>te</strong></span> <span class='ocrx_word' id='word_1_399' title='bbox 1253 3181 1310 3217; x_wconf 90' lang='lat' dir='ltr'><strong>non</strong></span> 
     </span>
     <span class='ocr_line' id='line_1_42' title="bbox 129 3231 1310 3302; baseline -0.002 -18"><span class='ocrx_word' id='word_1_400' title='bbox 129 3233 264 3286; x_wconf 87' lang='lat' dir='ltr'><strong>inhibeas</strong></span> <span class='ocrx_word' id='word_1_401' title='bbox 278 3231 308 3284; x_wconf 90' lang='lat' dir='ltr'><strong>in</strong></span> <span class='ocrx_word' id='word_1_402' title='bbox 321 3249 382 3286; x_wconf 88' lang='lat' dir='ltr'><strong>corn</strong></span> <span class='ocrx_word' id='word_1_403' title='bbox 403 3233 489 3286; x_wconf 89' lang='lat' dir='ltr'><strong>leudo</strong></span> <span class='ocrx_word' id='word_1_404' title='bbox 502 3249 545 3298; x_wconf 91' lang='lat' dir='ltr'><strong>eo,</strong></span> <span class='ocrx_word' id='word_1_405' title='bbox 560 3232 636 3301; x_wconf 92' lang='lat' dir='ltr'><strong>quod</strong></span> <span class='ocrx_word' id='word_1_406' title='bbox 646 3233 804 3302; x_wconf 89' lang='lat' dir='ltr'><strong>promisisti</strong></span> <span class='ocrx_word' id='word_1_407' title='bbox 817 3232 947 3284; x_wconf 85' lang='lat' dir='ltr'><strong>daturum</strong></span> <span class='ocrx_word' id='word_1_408' title='bbox 963 3237 992 3283; x_wconf 91' lang='lat' dir='ltr'><strong>te</strong></span> <span class='ocrx_word' id='word_1_409' title='bbox 1004 3232 1199 3300; x_wconf 89' lang='lat' dir='ltr'><strong>pharmacum,</strong></span> <span class='ocrx_word' id='word_1_410' title='bbox 1212 3248 1267 3299; x_wconf 93' lang='lat' dir='ltr'><strong>quo</strong></span> <span class='ocrx_word' id='word_1_411' title='bbox 1281 3235 1310 3283; x_wconf 87' lang='lat' dir='ltr'><strong>et</strong></span> 
     </span>
     <span class='ocr_line' id='line_1_43' title="bbox 128 3251 1308 3370; baseline -0.004 -17"><span class='ocrx_word' id='word_1_412' title='bbox 128 3317 195 3353; x_wconf 92' lang='lat' dir='ltr'><strong>cum</strong></span> <span class='ocrx_word' id='word_1_413' title='bbox 214 3251 412 3354; x_wconf 57' lang='lat' dir='ltr'><strong>contubernaii</strong></span> <span class='ocrx_word' id='word_1_414' title='bbox 428 3305 547 3354; x_wconf 89' lang='lat' dir='ltr'><strong>mortem</strong></span> <span class='ocrx_word' id='word_1_415' title='bbox 564 3305 681 3370; x_wconf 89' lang='lat' dir='ltr'><strong>optante</strong></span> <span class='ocrx_word' id='word_1_416' title='bbox 699 3299 776 3369; x_wconf 92' lang='lat' dir='ltr'><strong>quod</strong></span> <span class='ocrx_word' id='word_1_417' title='bbox 792 3299 904 3352; x_wconf 89' lang='lat' dir='ltr'><strong>dederis</strong></span> <span class='ocrx_word' id='word_1_418' title='bbox 923 3298 1127 3352; x_wconf 90' lang='lat' dir='ltr'><strong>communicem</strong></span> <span class='ocrx_word' id='word_1_419' title='bbox 1145 3303 1174 3350; x_wconf 89' lang='lat' dir='ltr'><strong>et</strong></span> <span class='ocrx_word' id='word_1_420' title='bbox 1192 3313 1246 3366; x_wconf 84' lang='lat' dir='ltr'><strong>ego</strong></span> <span class='ocrx_word' id='word_1_421' title='bbox 1264 3313 1308 3348; x_wconf 91' lang='lat' dir='ltr'><strong>su·</strong></span> 
     </span>
    </p>
   </div>
   <div class='ocr_carea' id='block_1_6' title="bbox 131 3367 1308 3534">
    <p class='ocr_par' dir='ltr' id='par_1_6' title="bbox 131 3367 1308 3534">
     <span class='ocr_line' id='line_1_44' title="bbox 131 3367 580 3422; baseline -0.007 -2"><span class='ocrx_word' id='word_1_422' title='bbox 131 3383 214 3422; x_wconf 89' lang='lat' dir='ltr'><strong>mens</strong></span> <span class='ocrx_word' id='word_1_423' title='bbox 227 3367 282 3422; x_wconf 89' lang='lat' dir='ltr'><strong>hac</strong></span> <span class='ocrx_word' id='word_1_424' title='bbox 294 3367 356 3421; x_wconf 89' lang='lat' dir='ltr'><strong>vita</strong></span> <span class='ocrx_word' id='word_1_425' title='bbox 369 3368 456 3422; x_wconf 89' lang='lat' dir='ltr'><strong>citius</strong></span> <span class='ocrx_word' id='word_1_426' title='bbox 470 3367 580 3422; x_wconf 89' lang='lat' dir='ltr'><strong>liberer.</strong></span> 
     </span>
     <span class='ocr_line' id='line_1_45' title="bbox 200 3461 1308 3534; baseline -0.007 -14"><span class='ocrx_word' id='word_1_427' title='bbox 200 3466 381 3522; x_wconf 88' lang='lat' dir='ltr'>LXXXVII.</span> <span class='ocrx_word' id='word_1_428' title='bbox 416 3468 498 3523; x_wconf 88' lang='lat' dir='ltr'><strong>Haec</strong></span> <span class='ocrx_word' id='word_1_429' title='bbox 516 3467 630 3523; x_wconf 87' lang='lat' dir='ltr'><strong>dicente</strong></span> <span class='ocrx_word' id='word_1_430' title='bbox 647 3466 764 3522; x_wconf 90' lang='lat' dir='ltr'><strong>muliere</strong></span> <span class='ocrx_word' id='word_1_431' title='bbox 780 3465 881 3518; x_wconf 90' lang='lat' dir='ltr'><strong>Petrus</strong></span> <span class='ocrx_word' id='word_1_432' title='bbox 904 3461 1133 3534; x_wconf 88' lang='lat' dir='ltr'><strong>cogitationibus</strong></span> <span class='ocrx_word' id='word_1_433' title='bbox 1151 3465 1226 3516; x_wconf 87' lang='lat' dir='ltr'><strong>stare</strong></span> <span class='ocrx_word' id='word_1_434' title='bbox 1248 3477 1308 3514; x_wconf 89' lang='lat' dir='ltr'><strong>sus-</strong></span> 
     </span>
    </p>
   </div>
   <div class='ocr_carea' id='block_1_7' title="bbox 125 3718 1311 4393">
    <p class='ocr_par' dir='ltr' id='par_1_7' title="bbox 125 3718 1311 4062">
     <span class='ocr_line' id='line_1_46' title="bbox 181 3718 1311 3793; baseline 0 -19"><span class='ocrx_word' id='word_1_435' title='bbox 181 3724 244 3791; x_wconf 79' lang='lat' dir='ltr'><strong>Gap.</strong></span> <span class='ocrx_word' id='word_1_436' title='bbox 257 3725 406 3776; x_wconf 89' lang='lat' dir='ltr'>LXXXIV.</span> <span class='ocrx_word' id='word_1_437' title='bbox 426 3720 453 3792; x_wconf 89' lang='lat'><strong>1)</strong></span> <span class='ocrx_word' id='word_1_438' title='bbox 466 3724 512 3776; x_wconf 78' lang='grc' dir='ltr'><strong>ἵνα</strong></span> <span class='ocrx_word' id='word_1_439' title='bbox 523 3743 574 3793; x_wconf 85' lang='grc' dir='ltr'><strong>μοι</strong></span> <span class='ocrx_word' id='word_1_440' title='bbox 586 3720 698 3790; x_wconf 83' lang='lat' dir='ltr'>B.-2)</span> <span class='ocrx_word' id='word_1_441' title='bbox 793 3724 853 3789; x_wconf 82' lang='lat' dir='ltr'><strong>Gap.</strong></span> <span class='ocrx_word' id='word_1_442' title='bbox 870 3723 1017 3774; x_wconf 84' lang='lat' dir='ltr'>LXXXVI.</span> <span class='ocrx_word' id='word_1_443' title='bbox 1045 3719 1072 3790; x_wconf 92' lang='lat'><strong>1)</strong></span> <span class='ocrx_word' id='word_1_444' title='bbox 1090 3719 1160 3792; x_wconf 73' lang='grc' dir='ltr'><strong><em>ἐμοῦ</em></strong></span> <span class='ocrx_word' id='word_1_445' title='bbox 1175 3718 1204 3770; x_wconf 67' lang='grc' dir='ltr'><strong>αἱ</strong></span> <span class='ocrx_word' id='word_1_446' title='bbox 1217 3724 1311 3788; x_wconf 82' lang='grc' dir='ltr'><strong><em>χεῖρες</em></strong></span> 
     </span>
     <span class='ocr_line' id='line_1_47' title="bbox 128 3782 1308 3860; baseline -0.004 -17"><span class='ocrx_word' id='word_1_447' title='bbox 128 3793 173 3843; x_wconf 83' lang='lat' dir='ltr'><strong>Sic</strong></span> <span class='ocrx_word' id='word_1_448' title='bbox 186 3793 265 3842; x_wconf 87' lang='lat' dir='ltr'><strong>etiam</strong></span> <span class='ocrx_word' id='word_1_449' title='bbox 276 3792 428 3855; x_wconf 86' lang='lat' dir='ltr'><strong>HomXII,</strong></span> <span class='ocrx_word' id='word_1_450' title='bbox 442 3789 474 3842; x_wconf 88' lang='lat'><strong>16</strong></span> <span class='ocrx_word' id='word_1_451' title='bbox 487 3797 511 3842; x_wconf 86' lang='lat' dir='ltr'><strong>et</strong></span> <span class='ocrx_word' id='word_1_452' title='bbox 522 3798 608 3843; x_wconf 86' lang='lat' dir='ltr'><strong>nostra</strong></span> <span class='ocrx_word' id='word_1_453' title='bbox 620 3792 700 3860; x_wconf 82' lang='lat' dir='ltr'><strong>Epit,</strong></span> <span class='ocrx_word' id='word_1_454' title='bbox 742 3793 793 3842; x_wconf 90' lang='lat' dir='ltr'><strong>inv.</strong></span> <span class='ocrx_word' id='word_1_455' title='bbox 804 3785 919 3858; x_wconf 83' lang='lat' dir='ltr'><strong>B.·—2)</strong></span> <span class='ocrx_word' id='word_1_456' title='bbox 932 3807 969 3860; x_wconf 82' lang='grc' dir='ltr'><strong>με</strong></span> <span class='ocrx_word' id='word_1_457' title='bbox 981 3806 1030 3841; x_wconf 82' lang='lat' dir='ltr'><strong>om.</strong></span> <span class='ocrx_word' id='word_1_458' title='bbox 1042 3790 1069 3841; x_wconf 84' lang='grc' dir='ltr'><strong>Ο.</strong></span> <span class='ocrx_word' id='word_1_459' title='bbox 1087 3817 1122 3825; x_wconf 96' lang='lat'>—</span> <span class='ocrx_word' id='word_1_460' title='bbox 1139 3783 1166 3856; x_wconf 87' lang='lat'><strong>3)</strong></span> <span class='ocrx_word' id='word_1_461' title='bbox 1185 3782 1256 3846; x_wconf 73' lang='grc' dir='ltr'><em>ὅλως</em></span> <span class='ocrx_word' id='word_1_462' title='bbox 1268 3789 1308 3838; x_wconf 90' lang='lat' dir='ltr'><strong>in·</strong></span> 
     </span>
     <span class='ocr_line' id='line_1_48' title="bbox 129 3852 1307 3926; baseline -0.004 -16"><span class='ocrx_word' id='word_1_463' title='bbox 129 3853 347 3924; x_wconf 75' lang='grc' dir='ltr'><strong><em>διαψεύσασθαι</em></strong></span> <span class='ocrx_word' id='word_1_464' title='bbox 359 3859 434 3910; x_wconf 84' lang='lat' dir='ltr'><strong>BCD</strong></span> <span class='ocrx_word' id='word_1_465' title='bbox 453 3863 478 3909; x_wconf 90' lang='lat' dir='ltr'><strong>et</strong></span> <span class='ocrx_word' id='word_1_466' title='bbox 495 3861 528 3910; x_wconf 86' lang='lat' dir='ltr'><strong>al.</strong></span> <span class='ocrx_word' id='word_1_467' title='bbox 547 3875 562 3908; x_wconf 89' lang='lat' dir='ltr'><strong>a</strong></span> <span class='ocrx_word' id='word_1_468' title='bbox 581 3861 654 3910; x_wconf 77' lang='lat' dir='ltr'><strong>‚Cot</strong></span> <span class='ocrx_word' id='word_1_469' title='bbox 667 3885 702 3895; x_wconf 94' lang='lat'><em>-</em></span> <span class='ocrx_word' id='word_1_470' title='bbox 744 3858 804 3908; x_wconf 88' lang='lat' dir='ltr'><strong>serit</strong></span> <span class='ocrx_word' id='word_1_471' title='bbox 816 3861 845 3907; x_wconf 86' lang='lat' dir='ltr'><strong>B.</strong></span> <span class='ocrx_word' id='word_1_472' title='bbox 858 3885 892 3893; x_wconf 98' lang='lat'><em>-</em></span> <span class='ocrx_word' id='word_1_473' title='bbox 907 3855 935 3926; x_wconf 88' lang='grc'><strong>4)</strong></span> <span class='ocrx_word' id='word_1_474' title='bbox 950 3857 1066 3911; x_wconf 63' lang='lat' dir='ltr'><strong>naurdi}</strong></span> <span class='ocrx_word' id='word_1_475' title='bbox 1077 3860 1106 3907; x_wconf 93' lang='lat' dir='ltr'><strong>B.</strong></span> <span class='ocrx_word' id='word_1_476' title='bbox 1121 3884 1156 3892; x_wconf 93' lang='lat'>-</span> <span class='ocrx_word' id='word_1_477' title='bbox 1171 3852 1199 3923; x_wconf 83' lang='lat'><strong>5)</strong></span> <span class='ocrx_word' id='word_1_478' title='bbox 1212 3853 1307 3926; x_wconf 78' lang='grc' dir='ltr'><strong><em>ἀμφο-</em></strong></span> 
     </span>
     <span class='ocr_line' id='line_1_49' title="bbox 126 3921 1308 3994; baseline -0.003 -18"><span class='ocrx_word' id='word_1_479' title='bbox 126 3923 156 3993; x_wconf 81' lang='grc'><strong>3)</strong></span> <span class='ocrx_word' id='word_1_480' title='bbox 173 3921 419 3978; x_wconf 65' lang='lat' dir='ltr'><strong>astituram).</strong></span> <span class='ocrx_word' id='word_1_481' title='bbox 436 3954 472 3964; x_wconf 94' lang='lat'><em>-</em></span> <span class='ocrx_word' id='word_1_482' title='bbox 490 3923 549 3994; x_wconf 79' lang='grc' dir='ltr'><strong>4)ἧ’</strong></span> <span class='ocrx_word' id='word_1_483' title='bbox 568 3946 584 3992; x_wconf 87' lang='grc' dir='ltr'><em>η</em></span> <span class='ocrx_word' id='word_1_484' title='bbox 601 3930 702 3978; x_wconf 88' lang='lat' dir='ltr'><strong>nonest</strong></span> <span class='ocrx_word' id='word_1_485' title='bbox 745 3927 837 3992; x_wconf 76' lang='grc' dir='ltr'><strong><em>τέραις</em></strong></span> <span class='ocrx_word' id='word_1_486' title='bbox 847 3927 877 3974; x_wconf 95' lang='grc' dir='ltr'><strong>Β.</strong></span> <span class='ocrx_word' id='word_1_487' title='bbox 894 3949 927 3960; x_wconf 89' lang='lat'><strong>·-</strong></span> <span class='ocrx_word' id='word_1_488' title='bbox 943 3921 972 3992; x_wconf 82' lang='grc'><strong>6)</strong></span> <span class='ocrx_word' id='word_1_489' title='bbox 983 3926 1024 3976; x_wconf 87' lang='lat' dir='ltr'><strong>Ita</strong></span> <span class='ocrx_word' id='word_1_490' title='bbox 1035 3925 1092 3976; x_wconf 88' lang='lat' dir='ltr'><strong>dedi</strong></span> <span class='ocrx_word' id='word_1_491' title='bbox 1109 3926 1186 3984; x_wconf 83' lang='lat' dir='ltr'><strong>exB,</strong></span> <span class='ocrx_word' id='word_1_492' title='bbox 1205 3940 1308 3972; x_wconf 69' lang='lat' dir='ltr'><strong>notov-</strong></span> 
     </span>
     <span class='ocr_line' id='line_1_50' title="bbox 125 3987 1307 4062; baseline -0.005 -18"><span class='ocrx_word' id='word_1_493' title='bbox 125 3995 154 4044; x_wconf 88' lang='lat' dir='ltr'><strong>in</strong></span> <span class='ocrx_word' id='word_1_494' title='bbox 170 3997 200 4044; x_wconf 87' lang='lat' dir='ltr'><strong>B.</strong></span> <span class='ocrx_word' id='word_1_495' title='bbox 748 3995 819 4062; x_wconf 74' lang='grc' dir='ltr'><strong><em>μένη</em></strong></span> <span class='ocrx_word' id='word_1_496' title='bbox 832 3993 879 4043; x_wconf 82' lang='lat'><strong>01)</strong></span> <span class='ocrx_word' id='word_1_497' title='bbox 891 3997 917 4043; x_wconf 86' lang='lat' dir='ltr'><strong>et</strong></span> <span class='ocrx_word' id='word_1_498' title='bbox 932 3993 1000 4058; x_wconf 81' lang='lat' dir='ltr'><strong>vulg.</strong></span> <span class='ocrx_word' id='word_1_499' title='bbox 1018 4021 1053 4032; x_wconf 82' lang='lat'><strong>-·—</strong></span> <span class='ocrx_word' id='word_1_500' title='bbox 1069 3989 1097 4059; x_wconf 81' lang='lat' dir='ltr'><strong>l)</strong></span> <span class='ocrx_word' id='word_1_501' title='bbox 1110 3987 1164 4042; x_wconf 81' lang='grc' dir='ltr'><strong>οὖν</strong></span> <span class='ocrx_word' id='word_1_502' title='bbox 1181 3990 1257 4038; x_wconf 89' lang='lat' dir='ltr'><strong>inser.</strong></span> <span class='ocrx_word' id='word_1_503' title='bbox 1275 3990 1307 4038; x_wconf 68' lang='lat' dir='ltr'><strong>al,</strong></span> 
     </span>
    </p>

    <p class='ocr_par' dir='ltr' id='par_1_8' title="bbox 129 4055 857 4198">
     <span class='ocr_line' id='line_1_51' title="bbox 188 4055 857 4128; baseline -0.001 -17"><span class='ocrx_word' id='word_1_504' title='bbox 188 4061 250 4128; x_wconf 78' lang='lat' dir='ltr'><strong>Gap.</strong></span> <span class='ocrx_word' id='word_1_505' title='bbox 263 4062 397 4114; x_wconf 85' lang='lat' dir='ltr'>LXXXV.</span> <span class='ocrx_word' id='word_1_506' title='bbox 425 4057 453 4128; x_wconf 89' lang='grc'><strong>1)</strong></span> <span class='ocrx_word' id='word_1_507' title='bbox 465 4061 511 4112; x_wconf 81' lang='grc' dir='ltr'><strong>καὶ</strong></span> <span class='ocrx_word' id='word_1_508' title='bbox 527 4077 574 4110; x_wconf 91' lang='lat' dir='ltr'><strong>om.</strong></span> <span class='ocrx_word' id='word_1_509' title='bbox 592 4064 621 4111; x_wconf 89' lang='lat' dir='ltr'><strong>B.</strong></span> <span class='ocrx_word' id='word_1_510' title='bbox 634 4055 705 4127; x_wconf 78' lang='lat'><strong>-2)</strong></span> <span class='ocrx_word' id='word_1_511' title='bbox 749 4076 788 4128; x_wconf 86' lang='lat' dir='ltr'><strong>ap.</strong></span> <span class='ocrx_word' id='word_1_512' title='bbox 802 4061 857 4112; x_wconf 84' lang='lat' dir='ltr'><strong>Cot.</strong></span> 
     </span>
     <span class='ocr_line' id='line_1_52' title="bbox 129 4129 705 4198; baseline -0.005 -19"><span class='ocrx_word' id='word_1_513' title='bbox 129 4146 174 4180; x_wconf 86' lang='grc' dir='ltr'><strong>πα</strong></span> <span class='ocrx_word' id='word_1_514' title='bbox 198 4131 325 4198; x_wconf 62' lang='lat' dir='ltr'><strong>aptatas</strong></span> <span class='ocrx_word' id='word_1_515' title='bbox 340 4147 365 4196; x_wconf 87' lang='lat' dir='ltr'><strong>p.</strong></span> <span class='ocrx_word' id='word_1_516' title='bbox 384 4130 568 4198; x_wconf 75' lang='grc' dir='ltr'><strong><em>παραμυθίας</em></strong></span> <span class='ocrx_word' id='word_1_517' title='bbox 579 4129 665 4198; x_wconf 79' lang='grc' dir='ltr'><strong><em>μέρος</em></strong></span> <span class='ocrx_word' id='word_1_518' title='bbox 676 4131 705 4177; x_wconf 94' lang='lat' dir='ltr'><strong>B.</strong></span> 
     </span>
    </p>

    <p class='ocr_par' dir='ltr' id='par_1_9' title="bbox 129 4146 1308 4393">
     <span class='ocr_line' id='line_1_53' title="bbox 129 4146 1304 4314; baseline -0.011 -65"><span class='ocrx_word' id='word_1_519' title='bbox 129 4224 164 4232; x_wconf 88' lang='lat'><em>-</em></span> <span class='ocrx_word' id='word_1_520' title='bbox 180 4146 367 4314; x_wconf 47' lang='lat' dir='ltr'><strong>(ggciuosiovdu</strong></span> <span class='ocrx_word' id='word_1_521' title='bbox 378 4190 706 4267; x_wconf 64' lang='lat' dir='ltr'><strong>BD.-4)saopaucn.</strong></span> <span class='ocrx_word' id='word_1_522' title='bbox 801 4195 861 4274; x_wconf 74' lang='lat' dir='ltr'><strong>(lap.</strong></span> <span class='ocrx_word' id='word_1_523' title='bbox 874 4192 1034 4244; x_wconf 88' lang='lat' dir='ltr'>LXXXVII.</span> <span class='ocrx_word' id='word_1_524' title='bbox 1076 4185 1102 4256; x_wconf 90' lang='lat'><strong>1)</strong></span> <span class='ocrx_word' id='word_1_525' title='bbox 1127 4183 1184 4239; x_wconf 81' lang='grc' dir='ltr'><strong>ὑπὸ</strong></span> <span class='ocrx_word' id='word_1_526' title='bbox 1208 4187 1304 4256; x_wconf 81' lang='grc' dir='ltr'><strong><em>λογισ-</em></strong></span> 
     </span>
     <span class='ocr_line' id='line_1_54' title="bbox 130 4255 1305 4332; baseline -0.008 -17"><span class='ocrx_word' id='word_1_527' title='bbox 130 4291 165 4300; x_wconf 86' lang='grc'><strong>-</strong></span> <span class='ocrx_word' id='word_1_528' title='bbox 209 4260 219 4330; x_wconf 90' lang='grc'>)</span> <span class='ocrx_word' id='word_1_529' title='bbox 239 4259 309 4332; x_wconf 83' lang='grc' dir='ltr'><em>πρὸς</em></span> <span class='ocrx_word' id='word_1_530' title='bbox 324 4259 358 4314; x_wconf 90' lang='grc' dir='ltr'><strong>Β.</strong></span> <span class='ocrx_word' id='word_1_531' title='bbox 382 4290 416 4300; x_wconf 94' lang='lat'><strong>-·</strong></span> <span class='ocrx_word' id='word_1_532' title='bbox 439 4259 467 4330; x_wconf 84' lang='lat'><strong>6)</strong></span> <span class='ocrx_word' id='word_1_533' title='bbox 484 4258 639 4331; x_wconf 73' lang='grc' dir='ltr'><strong><em>ἐβουλόμην</em></strong></span> <span class='ocrx_word' id='word_1_534' title='bbox 659 4263 707 4312; x_wconf 89' lang='lat' dir='ltr'><strong>fuit</strong></span> <span class='ocrx_word' id='word_1_535' title='bbox 749 4260 1053 4330; x_wconf 61' lang='grc' dir='ltr'><strong><em>μῶνοπέτροςὲταυεμ.</em></strong></span> <span class='ocrx_word' id='word_1_536' title='bbox 1065 4258 1108 4308; x_wconf 83' lang='lat' dir='ltr'><strong>OD</strong></span> <span class='ocrx_word' id='word_1_537' title='bbox 1119 4261 1148 4306; x_wconf 91' lang='lat' dir='ltr'><strong>ut</strong></span> <span class='ocrx_word' id='word_1_538' title='bbox 1158 4255 1233 4306; x_wconf 91' lang='lat' dir='ltr'><strong>Hom.</strong></span> <span class='ocrx_word' id='word_1_539' title='bbox 1245 4255 1305 4314; x_wconf 88' lang='lat' dir='ltr'>XII,</span> 
     </span>
     <span class='ocr_line' id='line_1_55' title="bbox 131 4318 1308 4393; baseline -0.003 -13"><span class='ocrx_word' id='word_1_540' title='bbox 131 4331 161 4382; x_wconf 90' lang='lat' dir='ltr'><strong>in</strong></span> <span class='ocrx_word' id='word_1_541' title='bbox 187 4333 215 4380; x_wconf 92' lang='grc' dir='ltr'><strong>Β.</strong></span> <span class='ocrx_word' id='word_1_542' title='bbox 751 4324 787 4379; x_wconf 83' lang='lat'><strong>19</strong></span> <span class='ocrx_word' id='word_1_543' title='bbox 799 4333 824 4380; x_wconf 86' lang='lat' dir='ltr'><strong>et</strong></span> <span class='ocrx_word' id='word_1_544' title='bbox 835 4331 922 4380; x_wconf 89' lang='lat' dir='ltr'><strong>nostra</strong></span> <span class='ocrx_word' id='word_1_545' title='bbox 933 4325 1017 4393; x_wconf 84' lang='lat' dir='ltr'><strong>Epit,</strong></span> <span class='ocrx_word' id='word_1_546' title='bbox 1035 4325 1079 4376; x_wconf 91' lang='lat' dir='ltr'><strong>ubi</strong></span> <span class='ocrx_word' id='word_1_547' title='bbox 1091 4329 1128 4376; x_wconf 89' lang='lat' dir='ltr'><strong>est</strong></span> <span class='ocrx_word' id='word_1_548' title='bbox 1143 4318 1200 4376; x_wconf 79' lang='grc' dir='ltr'><strong>ὑπὸ</strong></span> <span class='ocrx_word' id='word_1_549' title='bbox 1212 4324 1308 4392; x_wconf 75' lang='grc' dir='ltr'><em>λογισ-</em></span> 
     </span>
    </p>
   </div>
   <div class='ocr_carea' id='block_1_8' title="bbox 0 0 1562 4896">
    <p class='ocr_par' dir='ltr' id='par_1_10' title="bbox 0 0 1562 4896">
     <span class='ocr_line' id='line_1_56' title="bbox 0 0 1562 4896; baseline 0 0"><span class='ocrx_word' id='word_1_550' title='bbox 0 0 1562 4896; x_wconf 95' lang='lat' dir='ltr'><strong> </strong></span> 
     </span>
    </p>
   </div>
   <div class='ocr_carea' id='block_1_9' title="bbox 281 1409 1405 1478">
    <p class='ocr_par' dir='ltr' id='par_1_11' title="bbox 281 1409 1405 1478">
     <span class='ocr_line' id='line_1_57' title="bbox 281 1409 1405 1478; baseline -0.002 -14"><span class='ocrx_word' id='word_1_551' title='bbox 281 1409 352 1464; x_wconf 89' lang='lat' dir='ltr'><strong>eieci</strong></span> <span class='ocrx_word' id='word_1_552' title='bbox 366 1415 435 1478; x_wconf 91' lang='lat' dir='ltr'><strong>tum,</strong></span> <span class='ocrx_word' id='word_1_553' title='bbox 449 1428 512 1464; x_wconf 91' lang='lat' dir='ltr'><strong>cum</strong></span> <span class='ocrx_word' id='word_1_554' title='bbox 525 1417 553 1464; x_wconf 93' lang='lat' dir='ltr'><strong>et</strong></span> <span class='ocrx_word' id='word_1_555' title='bbox 565 1411 688 1466; x_wconf 92' lang='lat' dir='ltr'><strong>animum</strong></span> <span class='ocrx_word' id='word_1_556' title='bbox 701 1410 841 1466; x_wconf 87' lang='lat' dir='ltr'><strong>habebam</strong></span> <span class='ocrx_word' id='word_1_557' title='bbox 855 1411 959 1465; x_wconf 89' lang='lat' dir='ltr'><strong>doloris</strong></span> <span class='ocrx_word' id='word_1_558' title='bbox 994 1411 1108 1463; x_wconf 84' lang='lat' dir='ltr'><strong>uatibus</strong></span> <span class='ocrx_word' id='word_1_559' title='bbox 1121 1428 1177 1464; x_wconf 83' lang='lat' dir='ltr'><strong>ram</strong></span> <span class='ocrx_word' id='word_1_560' title='bbox 1190 1410 1309 1477; x_wconf 90' lang='lat' dir='ltr'><strong>ebrium,</strong></span> <span class='ocrx_word' id='word_1_561' title='bbox 1392 1427 1405 1450; x_wconf 83' lang='lat'><strong>·</strong></span> 
     </span>
    </p>
   </div>
  </div>
 </body>
</html>
