3126 4894
555 324 710 376 serrone
727 325 870 380 urnas.
1234 311 1298 376 205

120 495 206 532 unum
224 493 291 530 esse
307 475 403 528 Deum
424 480 543 528 asserat.
579 473 729 528 Caeterum
746 476 795 544 qui
809 476 951 555 promittit
962 476 1208 546 reprehensionem
1221 495 1297 532 asse·

121 545 209 599 rentis
232 561 322 596 unum
341 541 449 607 Deum,
471 541 496 593 is
512 559 580 595 vera
601 543 720 611 loquens
738 561 796 596 non
815 543 890 596 idem
908 542 1039 596 affirmat.
1076 544 1105 598 Si
1127 544 1201 598 enirn
1222 543 1297 598 idem

123 613 231 666 diceret
245 629 310 664 oum
325 627 374 674 eo,
392 609 441 678 qui
454 609 592 662 ementita
604 610 740 678 loquitur,
759 610 820 678 ipse
852 628 944 679 uoque
958 617 1033 664 esset
1047 611 1180 664 mendax:
1195 609 1297 666 sivero

124 679 266 733 contraria
279 679 375 730 dicere
389 692 419 729 se
432 676 569 741 ostendit,
582 681 650 729 tune
660 693 742 729 verus
755 683 807 729 est.
855 695 891 730 on
904 694 971 748 ergo
983 683 1060 731 reete
1073 679 1297 748 praedicatorem

123 747 204 799 unius
218 746 276 798 Dei
294 760 358 798 esse
375 743 540 797 mendaeem
554 743 737 812 pronuncias,
757 743 813 796 nisi
826 743 898 798 forte
912 746 1016 798 multos
1030 746 1098 798 deos
1111 762 1173 798 esse
1188 761 1297 799 censes.

123 813 211 882 Atqui
228 813 337 864 multos
357 811 425 863 deos
443 827 506 863 esse
525 827 579 880 ego
596 827 707 879 quoque
725 811 778 863 aio.
814 811 894 864 Idem
908 812 1008 882 igitur,
1022 812 1097 880 quod
1108 821 1148 878 tu,
1162 819 1228 866 ante
1241 813 1297 865 dis-

125 879 318 949 ceptationem
336 877 415 943 dieo,
438 885 467 930 et
485 895 534 946 pro
553 885 582 930 te
599 879 695 946 potius
714 895 774 930 sum
787 883 950 948 occupatus.
987 879 1078 942 Quare
1091 897 1147 933 non
1161 879 1248 934 debes
1262 880 1297 934 de

125 965 166 1000 me
179 964 245 1000 esse
258 946 370 1011 anxius,
384 945 436 998 sed
446 943 557 1008 Petrus,
571 947 638 1014 quia
650 945 742 998 adhue
756 951 854 998 contra
866 953 951 1065 atque
965 947 1014 999 ille
1025 949 1125 1000 sentio.
1143 947 1298 1026 Propterea

124 1022 187 1084 post
200 1013 428 1082 disputationem
441 1019 563 1065 vestram
577 1029 673 1081 spero,
691 1012 766 1081 quod
778 1013 837 1066 veri
851 1019 896 1066 stu
919 1015 995 1066 iosus
1008 1014 1091 1068 iudex
1105 1015 1236 1083 deposita
1248 1031 1296 1068 au·

126 1082 296 1151 ticipatione
308 1079 486 1149 praevalenti
499 1095 688 1132 consensurus
702 1079 755 1132 sim
768 1080 896 1134 orationi.
914 1081 994 1135 Haec
1004 1099 1067 1134 curn
1078 1089 1158 1151 pater
1168 1082 1296 1148 dixisset,

126 1150 230 1266 sensinlr
244 1149 351 1200 clamor
363 1146 478 1216 quidam
491 1147 664 1200 laudationis
678 1147 812 1216 apopulo
825 1154 937 1201 exortus
951 1155 1004 1215 est,
1018 1150 1149 1220 qnoniam
1163 1149 1204 1202 ita
1215 1155 1298 1218 pater

127 1223 201 1269 esset
227 1221 338 1268 ocutus.

190 1280 359 1336 CXXXIII.
394 1280 480 1332 Porro
492 1279 593 1333 Petrus
608 1297 686 1334 suam
699 1281 733 1333 de
746 1279 809 1334 Deo
823 1282 994 1335 sententiam
1007 1281 1146 1351 exposuit,
1161 1282 1296 1350 pluraque

126 1352 158 1404 de
180 1348 350 1402 monarchia
370 1347 533 1416 prolocutus
555 1365 619 1400 cum
643 1347 766 1405 lacrimis
786 1365 872 1402 manu
896 1349 1048 1401 advocavit
1071 1349 1296 1416 multitudinem,

125 1435 194 1487 quae
208 1435 274 1470 cum
287 1415 473 1478 accessisset,
486 1415 617 1468 manibus
632 1415 772 1484 impositis
786 1422 815 1468 et
826 1416 959 1484 precibus
972 1415 1057 1468 factis
1072 1423 1190 1470 cunctos
1203 1417 1297 1470 admo-

124 1483 198 1550 nuit,
226 1499 381 1550 omnesque
408 1481 472 1534 Deo
497 1481 702 1535 benediximus.
737 1482 816 1535 Intro
840 1489 934 1534 autern
958 1483 1038 1535 irruit
1062 1483 1165 1550 aliquis
1191 1481 1297 1536 Simoni

126 1553 238 1604 dicens:
259 1549 374 1618 Appion
386 1547 559 1601 Plistonices
578 1567 641 1602 cum
653 1548 824 1602 Annubione
841 1551 922 1602 modo
939 1549 1018 1602 venit
1034 1548 1194 1612 Antiochia.
1231 1549 1298 1612 Qui-

125 1619 175 1674 bus
187 1617 298 1671 auditis
315 1616 411 1670 Simon
430 1616 513 1681 exiit,
531 1622 562 1668 ut
580 1633 628 1669 eos
647 1617 798 1686 exciperet.
834 1616 943 1679 Quibus
959 1617 1065 1669 auditis
1083 1623 1165 1685 pater
1182 1618 1297 1686 gavisus

126 1687 208 1739 Petro
229 1685 316 1737 dixit:
342 1683 372 1737 Si
389 1683 459 1735 mihi
476 1684 630 1752 permittis,
649 1701 703 1754 ego
722 1700 832 1752 quoque
850 1684 897 1736 ibo
915 1683 1068 1737 salutatum
1085 1683 1245 1764 Appionem
1268 1691 1298 1738 et

125 1751 340 1816 Annubionem,
362 1751 467 1820 quippe
485 1751 533 1820 qui
554 1768 572 1804 a
595 1751 685 1820 prima
702 1757 797 1804 aetate
818 1750 925 1805 fuerint
945 1750 1014 1804 mihi
1034 1752 1127 1806 amici.
1163 1751 1297 1806 Fortasse

126 1820 211 1873 etiam
229 1817 396 1872 Annnbioni
412 1817 604 1887 persuadebo,
621 1825 653 1871 ut
670 1818 704 1872 de
723 1817 830 1872 Genesi
848 1837 910 1872 cum
924 1817 1070 1872 Clemente
1090 1820 1224 1888 disputet.
1260 1819 1298 1872 Et

125 1887 226 1940 Petrus
239 1886 388 1948 Permitto,
402 1885 503 1953 inquit,
518 1891 546 1938 et
559 1886 652 1949 laudo,
666 1885 858 1939 amiei'officio
868 1893 897 1939 te
907 1886 982 1939 velle
994 1886 1167 1940 satisfacere.
1181 1885 1297 1940 Verum-

125 1961 221 2008 tamen
239 1953 309 2005 mihi
330 1953 439 2023 cogita,
458 1969 512 2021 quo
530 1953 612 2006 modo
630 1954 785 2006 seeundum
801 1953 857 2007 Dei
874 1953 1082 2023 providentiam
1094 1954 1162 2006 undi
1184 1971 1219 2007 ue
1233 1971 1297 2007 con·

126 2026 253 2086 currant,
273 2037 345 2089 quae
363 2020 495 2089 adplene
508 2019 669 2074 faciendam
681 2021 735 2073 tibi
752 2020 838 2072 fidem
854 2021 999 2090 pertinent
1011 2028 1107 2090 aptum
1119 1970 1299 2090 perXoientia

127 2091 305 2142 concenthm.
340 2086 403 2140 Hoc
416 2093 511 2140 autem
525 2087 582 2139 diri
614 2093 710 2166 ropter
721 2087 901 2142 Annubionis
918 2089 1071 2142 adrentum
1087 2089 1142 2142 tibi
1156 2107 1218 2142 cum
1231 2107 1298 2142 usus

126 2155 180 2274 fild
198 2155 405 2225 obtingentem.
440 2153 479 2206 Et
496 2160 578 2224 pater
595 2107 680 2207 dixit:
702 2155 774 2208 Rem
791 2156 833 2208 ita
850 2173 911 2210 sese
929 2155 1033 2210 habere
1051 2162 1080 2209 et
1099 2173 1153 2227 ego
1169 2156 1298 2227 profecto

125 2241 153 2276 vr
176 2241 219 2276 eo.

193 2287 357 2342 CXXXIV.
393 2287 502 2351 Quibus
516 2288 601 2342 dictis
614 2289 651 2342 ad
665 2287 806 2343 Simonem
818 2289 963 2359 profectus
978 2296 1029 2344 est.
1060 2289 1190 2343 Inventis
1203 2297 1299 2344 autem

125 2357 259 2427 Appione
273 2354 484 2410 etAnnubione
501 2373 535 2410 uc
552 2357 685 2409 salutatis
703 2357 840 2410 consedit.
876 2356 972 2410 Simon
989 2374 1054 2410 vero
1074 2357 1193 2410 audiens
1216 2373 1298 2425 quos-

127 2426 191 2478 dam
209 2425 289 2476 iussu
304 2423 384 2493 regio
401 2423 603 2477 adventaturos
621 2424 669 2492 qui
683 2424 775 2493 ipsum
788 2429 955 2492 quaererent
967 2424 1070 2492 quique
1088 2423 1216 2476 dicerent
1229 2423 1298 2478 Cae-

126 2509 218 2546 sarem
231 2491 328 2543 multis
341 2491 433 2561 magis
446 2490 615 2556 interfectis,
630 2497 658 2544 et
672 2491 706 2544 de
720 2491 833 2543 Simone
849 2491 995 2544 certiorem
1010 2489 1117 2542 factum
1132 2490 1169 2542 ad
1182 2491 1298 2544 investi·

126 2559 273 2631 gationem
286 2558 364 2610 illius
377 2557 504 2623 misisse,
521 2567 554 2610 ut
567 2559 653 2612 etiam
666 2558 696 2610 in
711 2558 791 2609 illum
804 2557 890 2610 sicuti
903 2557 932 2609 in
944 2557 1051 2626 priores
1063 2557 1298 2636 praestigiatores

125 2627 378 2689 animadverteret,
391 2625 429 2678 ad
440 2624 486 2694 Ap
507 2625 601 2679 ionem
614 2632 644 2679 et
655 2623 855 2678 Annubionem
868 2623 947 2676 infit:
966 2623 1119 2690 Faustum,
1137 2642 1185 2693 qur
1197 2626 1234 2678 ad
1246 2644 1298 2679 nos

126 2695 222 2758 venit,
240 2693 328 2746 facite
345 2693 440 2746 cibum
455 2643 603 2747 nobiscum
625 2709 748 2759 sumere,
772 2708 826 2762 ego
843 2697 937 2744 autem
958 2698 1134 2761 unguentum
1158 2693 1299 2760 quoddam

127 2760 293 2880 copfieiam,
314 2769 346 2812 ut
364 2765 500 2814 coenatus
518 2766 547 2814 et
562 2777 724 2832 perungens
747 2776 791 2825 se,
817 2758 927 2812 cunctis
948 2757 1052 2813 habere
1072 2759 1189 2812 sormam
1208 2777 1299 2814 meam

127 2829 155 2882 vi
179 2835 266 2882 eatur.

196 2893 343 2948 CXXXV.
375 2892 445 2947 Cum
466 2911 501 2948 ue
513 2893 584 2948 haec
598 2893 694 2949 Simon
707 2894 836 2960 dixisset,
849 2891 963 2963 Appion
976 2898 1005 2947 et
1017 2890 1173 2947 Annubion
1183 2909 1299 2964 respou-

127 2963 242 3016 derunt:
268 2961 415 3025 Quodnam
433 2962 456 3014 ti
478 2963 488 3014 i
506 2962 613 3014 lucrum
630 2962 727 3016 veniet
740 2980 774 3016 ex
790 2961 986 3016 huiuscemodi
1000 2960 1230 3016 machinatione?
1254 2961 1298 3018 Ae

127 3029 225 3083 Simon
241 3029 402 3098 respondit:
430 3029 554 3081 Primum
572 3030 687 3098 quidem
708 3030 758 3084 illo
777 3036 860 3100 capto
878 3030 927 3099 qui
948 3047 992 3083 me
1012 3035 1164 3098 quaerunt,
1183 3030 1299 3084 investi·-

149 3098 245 3151 atione
263 3101 362 3150 contra
378 3112 422 3149 me
442 3097 534 3150 innita
551 3097 698 3150 desistent.
736 3097 766 3150 Si
784 3115 849 3152 vero
868 3097 954 3151 etiam
971 3115 1055 3150 manu
1071 3097 1152 3168 regia
1169 3097 1300 3153 sublatus

160 3165 223 3230 erit,
237 3180 407 3242 magnopere
422 3164 561 3234 lugebunt
570 3163 623 3216 filii
636 3164 707 3230 eius,
721 3164 768 3232 qui
780 3181 825 3218 me
836 3165 1023 3219 dereIIctoad
1032 3165 1147 3218 Petrum
1161 3183 1223 3219 sese
1234 3183 1299 3220 con·

126 3234 266 3298 tulerunt,
289 3248 371 3350 erque
392 3232 577 3286 collaborant.
611 3230 766 3284 Annubion
787 3249 852 3284 vero
870 3237 900 3284 et
920 3231 1036 3299 Appion
1053 3231 1161 3285 Fausto
1183 3234 1300 3286 seorsim

125 3307 239 3370 reperto
256 3298 312 3352 insi
334 3300 376 3353 ias
399 3299 606 3370 significarunt.
634 3297 691 3353 Sed
706 3297 831 3351 Faustus
847 3314 903 3350 non
921 3314 987 3350 vera
1004 3314 1067 3350 esse
1085 3298 1163 3352 dicta
1179 3301 1299 3367 putavit.

128 3369 216 3422 Pater
228 3367 303 3420 enim
317 3374 453 3420 coenatus
466 3385 530 3420 eum
544 3366 657 3421 Simone
671 3369 700 3419 et
712 3364 843 3434 Appione
857 3362 1064 3417 etAnnubione
1076 3371 1253 3434 unguentum
1265 3383 1300 3419 ex

127 3629 227 3693 Σίμων
252 3621 356 3680 εὐθέως
382 3621 503 3687 ἐξῆλθεν.
539 3623 625 3672 Etiam
636 3623 693 3673 Par.
739 3616 786 3679 τάς
810 3638 886 3678 τινας
912 3621 970 3668 Par.
999 3646 1034 3654 —
1061 3613 1090 3686 2)
1123 3618 1300 3680 φαῦστος-

127 3688 239 3748 εὐθέως.
258 3719 294 3728 -
313 3686 340 3757 3)
364 3691 409 3741 καὶ
431 3687 445 3741 ὁ
469 3707 493 3756 p.
520 3685 535 3741 ὁ
559 3689 589 3740 di
613 3691 641 3739 0.
661 3717 694 3726 —
738 3684 829 3741 ἐλθὼν
848 3689 881 3738 Ο.
906 3715 940 3722 -
962 3682 989 3754 3)
1016 3687 1056 3736 ita
1078 3688 1248 3753 reponendum
1272 3689 1299 3739 in

126 3757 154 3826 4)
177 3760 331 3826 ἐπιτρέπῃς
351 3751 508 3829 πορεύομαι
530 3760 562 3819 V,
582 3757 694 3823 ἒπιτρέ-
737 3759 811 3807 Hom.
825 3757 884 3819 XX,
895 3751 928 3804 16
940 3771 986 3821 pro
998 3751 1141 3820 ἀναλαβών
1154 3773 1188 3806 τι.
1207 3758 1300 3808 Noster

127 3845 191 3885 πεις
209 3820 366 3894 πορεύομαι.
390 3827 447 3873 Par.
465 3826 525 3874 item
542 3827 618 3876 Hom.
635 3826 694 3887 XX,
736 3827 812 3874 Hom.
826 3824 909 3874 Codex
921 3818 1063 3888 ἀναλαβὼν
1076 3825 1106 3874 τί
1119 3820 1177 3890 (sic)
1191 3825 1299 3874 exhibet.

126 3891 168 3955 11,
180 3893 252 3960 Epit.
271 3920 304 3928 -
325 3887 342 3940 5
370 3891 410 3940 Ita
427 3893 501 3941 etiam
519 3898 604 3941 noster
618 3893 693 3943 Hom.
751 3885 755 3894 ’
798 3893 857 3942 Ca.
882 3891 1012 3940 CXXXV.
1055 3887 1078 3948 1)
1104 3891 1157 3939 Ser.
1183 3893 1255 3957 φασὶ
1277 3907 1299 3940 c.

126 3961 210 4012 Codex
223 3957 296 4027 (XX,
312 3958 342 4007 11
358 3997 364 4020 ,
382 3975 434 4008 non
447 3977 484 4018 rs,
505 3966 533 4010 ut
546 3960 695 4025 impressum
737 3960 816 4024 Epit,
832 3909 906 4026 lappa
927 3959 1002 4006 Hom.
1024 3957 1083 4016 XX,
1102 3954 1143 4018 17,
1164 3957 1208 4005 ubi
1231 3957 1299 4006 solus

126 4030 183 4078 suit.
208 4029 271 4078 Cum
285 4027 375 4077 Codice
384 4027 438 4076 illic
450 4027 570 4076 vertimus
583 4035 611 4075 te.
631 4027 692 4076 lude
736 4027 870 4075 Annubion
893 4028 985 4073 narrat.
1010 4049 1044 4058 --
1074 4017 1101 4086 2)
1125 4023 1165 4070 Ita
1182 4029 1207 4071 st
1223 4025 1298 4072 Hom.

126 4103 193 4146 recte
215 4091 423 4144 Tischendorlius
447 4091 482 4161 (p.
508 4090 550 4142 89.
575 4099 627 4144 not.
649 4090 692 4157 21)
736 4093 795 4153 XX,
810 4088 848 4140 17.
862 4087 914 4158 ἄρα
926 4090 1004 4155 Epit,
1018 4083 1225 4154 orivPar.-3)
1240 4088 1299 4140 ἐστὶ

126 4179 236 4212 errorem
252 4162 280 4210 in
295 4162 424 4228 impressis
440 4161 580 4226 suspicatus
600 4165 645 4210 est.
661 4187 694 4196 —
736 4161 811 4208 Hom.
827 4158 897 4216 ibid,
912 4157 977 4222 quod
990 4157 1053 4206 bene
1066 4155 1171 4219 quadrat
1187 4156 1218 4204 ed
1230 4161 1299 4205 ante-

126 4227 154 4298 6)
167 4231 208 4279 Ita
219 4230 269 4292 leg.
282 4229 357 4278 Hom.
370 4229 429 4290 XX,
444 4225 483 4276 11.
737 4225 826 4274 cedens
843 4224 902 4275 νῦν.
937 4223 1011 4272 Nihil
1024 4223 1129 4275 certain
1140 4223 1216 4273 Hom.
1229 4227 1300 4273 textu

180 4299 215 4347 Ca
234 4295 398 4346 cxxxiv.
434 4291 460 4361 1)
474 4295 516 4344 Sic
531 4295 606 4344 etiam
618 4293 693 4343 Hom.
737 4290 919 4353 corrigendum.
934 4317 968 4326 -
983 4286 1011 4358 4)
1025 4286 1243 4361 προσφυγόντες
1254 4307 1299 4358 op·

126 4365 187 4427 ΧΧ,
201 4314 234 4414 IC
250 4369 275 4414 et
292 4363 362 4430 Epit.
381 4378 402 4412 c.
420 4358 479 4425 134,
497 4356 694 4429 ἐπιδημήσαν-
736 4365 843 4425 portune
856 4373 904 4407 om.
918 4358 947 4407 0.
