3126 4894
560 312 713 363 nriroiiii
731 312 873 362 iurans.
1191 337 1195 344 -
1242 296 1303 360 155

121 462 230 514 iustum
256 466 366 525 autem,
391 465 424 512 ut
447 459 496 528 qui
519 458 672 528 unicuique
696 476 752 512 non
774 457 936 529 poenitenti
958 475 1008 528 pro
1032 457 1171 512 factorum
1192 459 1302 513 mei-itis

121 530 239 599 irroget.
277 526 393 606 Singuli
406 544 527 596 namque
541 527 606 580 dum
624 532 792 605 exspectant
809 526 935 580 futurum
949 543 1017 606 erga
1030 544 1059 578 se
1073 525 1130 580 Dei
1145 534 1249 580 cuncta
1262 527 1303 580 iii-

121 595 233 649 tuentis
250 595 404 660 iudicium,
422 594 459 648 ad
477 599 535 648 tem
558 599 634 648 erate
653 595 804 648 vivendum
825 594 958 648 maiorem
976 599 1112 663 impetum
1130 594 1260 664 capiunt,
1274 601 1303 648 et

122 663 172 733 qui
183 663 276 716 vitam
289 662 465 716 moderatam
477 668 522 716 tra
542 662 613 728 urit,
627 668 743 716 aeterno
758 662 899 731 supplicio
913 661 1055 715 liberatur.

190 730 242 782 LI.
280 729 338 783 Sed
349 729 572 799 uniuscuiusque
582 735 748 792 vestrorum,
763 729 811 798 qui
824 729 966 795 dicuutur,
981 730 1095 782 deorum
1106 727 1207 798 impios
1220 735 1302 782 actus

123 799 188 852 dum
205 814 360 862 recenseo,
378 796 470 863 Iovis,
483 797 624 877 Neptuni,
637 797 782 862 Plutonis,
804 795 962 865 Apollinis,
976 797 1100 862 Bacchi,
1118 796 1251 850 Herculis
1268 814 1302 850 ac

123 866 317 946 singulorum,
336 881 407 933 quos
422 882 513 944 neque
526 865 582 944 ipsi
596 865 748 936 ignoratis,
762 870 861 934 utpote
874 864 903 916 in
918 863 1088 918 Graecorum
1103 863 1207 917 litteris
1221 863 1301 917 insti-

123 941 188 1000 tuti,
202 951 276 1002 quas
289 933 363 985 vitas
377 931 473 985 edocti
486 939 570 999 estis,
584 939 616 985 ut
628 939 763 1002 tanquam
777 932 890 985 deorum
903 933 1090 986 aemulatores
1105 931 1211 984 similia
1243 950 1301 986 era·

123 1002 214 1073 gatis:
235 1001 272 1054 ab
293 1000 356 1070 ipso
374 1000 496 1054 maximo
508 1001 575 1054 Iove
588 999 688 1053 ordiar.
725 999 807 1052 lllius
821 1000 933 1079 quidem
946 1006 1028 1070 pater
1040 1001 1187 1064 Saturnus,
1202 951 1301 1053 liheris

124 1069 181 1122 suis
194 1074 229 1120 ut
243 1068 346 1120 soletis
358 1066 462 1121 referre
477 1068 632 1134 devoratis,
646 1073 676 1120 ct
689 1067 872 1121 adamantina
883 1068 959 1122 falce
973 1068 1112 1122 demessis
1125 1067 1201 1137 patri
1214 1067 1302 1122 Caelo

123 1135 317 1207 genitalibus,
339 1133 457 1203 pietatis
476 1153 544 1206 erga
582 1142 695 1190 arentes
714 1141 743 1190 et
760 1136 862 1188 amoris
880 1135 909 1188 in
926 1136 1032 1190 liberos
1052 1136 1102 1200 iis,
1120 1135 1168 1204 qui
1187 1135 1301 1188 deorum

123 1203 264 1274 mysteria
282 1201 461 1255 aemulantur
479 1155 605 1256 ostendit
618 1203 785 1272 exemplum.
822 1203 966 1273 Ipseiiero
980 1205 1088 1273 Iupiter
1099 1209 1207 1272 patrem
1221 1221 1301 1254 suurn

122 1273 252 1324 vinctum
270 1269 301 1322 in
319 1269 468 1322 Tartarum
485 1269 701 1340 praecipitavit,
724 1276 753 1324 et
769 1271 841 1324 alios
859 1271 927 1324 deos
944 1271 1035 1341 punit.
1070 1271 1124 1322 Pro
1142 1269 1177 1320 iis
1195 1275 1299 1334 autem,

123 1341 169 1408 qui
180 1337 338 1392 nefandam
351 1341 463 1405 patrare
472 1337 571 1391 volunt
581 1337 798 1403 obscenitatem,
811 1338 902 1391 Metin
913 1356 976 1391 cum
986 1338 1134 1408 genuisset
1149 1336 1299 1405 absorpsit.

125 1407 180 1460 Sed
196 1405 289 1459 Metis
307 1410 368 1458 erat
386 1421 497 1458 semen:
517 1405 655 1459 infantem
672 1405 746 1459 enim
765 1405 909 1458 absorberi
928 1405 1112 1475 impossibile.
1148 1403 1183 1456 ln
1204 1404 1300 1457 defen·

124 1475 233 1528 sionem
246 1489 315 1526 vero
329 1489 439 1538 eorum,
453 1474 501 1542 qui
534 1490 662 1526 uerorum
675 1473 826 1544 indulgent
839 1473 994 1538 amoribus,
1007 1473 1082 1542 rapit
1096 1470 1292 1540 Ganymedem

123 1540 275 1594 Adulteris
293 1544 388 1593 autem
407 1539 436 1592 in
455 1492 596 1594 aduiterio
610 1559 691 1610 opem
704 1539 812 1607 ferens,
830 1540 839 1592 i
862 1557 891 1594 se
905 1557 989 1610 saepe
1002 1539 1136 1594 moechus
1150 1538 1299 1592 invenitur.

123 1608 168 1661 Ad
182 1624 296 1662 sorores
314 1606 399 1660 etiam
416 1608 585 1678 stuprandas
603 1609 706 1662 invitat
728 1625 780 1661 con
817 1559 915 1661 ediens
939 1613 1002 1660 cirin
1022 1607 1164 1660 sororibus
1181 1605 1299 1671 Iunone,

124 1676 241 1742 Cerere,
261 1674 375 1729 Venere
395 1675 527 1742 caelesti,
549 1693 633 1744 quam
649 1677 779 1729 nonnulli
826 1676 945 1730 odonam
957 1681 1069 1729 vocant.
1105 1674 1145 1726 lis
1158 1690 1233 1739 vero,
1251 1675 1298 1744 qui

123 1763 185 1798 cuin
202 1742 323 1796 filiabus
341 1743 517 1796 commisceri
535 1744 666 1813 eupiunt,
685 1761 749 1798 cum
767 1743 937 1813 Proserpina
953 1760 1122 1814 congressus
1141 1742 1299 1811 exemplum

123 1811 283 1881 improbum
297 1827 331 1863 er
344 1809 450 1863 fabulis
463 1810 595 1865 efficitur.
628 1809 697 1866 Alia
709 1827 819 1881 quoque
837 1811 983 1866 innumera
996 1811 1081 1880 impie
1095 1809 1199 1880 gessit,
1218 1815 1250 1862 ut
1263 1809 1299 1864 ab

124 1879 219 1948 impiis
232 1877 397 1931 hominibus
410 1884 525 1948 propter
534 1884 749 1948 exsuperantem
760 1879 1008 1949 intemperantiam
1021 1879 1182 1932 fabulosum
1196 1877 1300 1948 dogma

124 1948 157 2000 de
171 1947 251 1999 illius
271 1944 424 1998 divinitate
441 1963 606 2015 persuasum
624 1945 717 1999 fuerit.
752 1947 890 2001 Homines
904 1947 1016 2015 quidem
1036 1947 1166 2000 indoctos
1179 1962 1299 2014 aequum

123 2015 256 2068 videatur
273 2013 351 2066 eirca
367 2012 418 2066 lias
438 2013 585 2083 opiniones
602 2013 679 2068 haud
694 2015 814 2068 multum
833 2016 891 2068 indi
916 2015 984 2068 nari.
1020 2014 1060 2067 lis
1080 2019 1189 2078 autem,
1209 2013 1299 2082 quiin

124 2082 231 2136 litteris
244 2081 374 2133 instituti
386 2079 509 2148 fuerunt,
523 2082 657 2150 quidnam
670 2081 764 2136 dicere
777 2033 956 2163 oponetiex
969 2082 1071 2162 quibus
1085 2082 1194 2150 aliquot
1208 2099 1298 2152 gram-

124 2149 224 2204 matici
237 2154 268 2202 et
281 2147 426 2228 sophistae
440 2166 503 2203 esse
517 2150 676 2220 gestientes
688 2149 740 2204 has
749 2158 878 2206 actiones
892 2151 947 2204 diis
960 2151 1062 2221 dignas
1073 2166 1136 2204 esse
1146 2147 1298 2203 affirmant.

125 2217 195 2270 (lum
214 2215 292 2270 enim
315 2215 371 2295 ipsi
394 2215 605 2271 incontinentes
627 2217 697 2282 sint,
718 2217 878 2272 fabularum
897 2227 1016 2288 accepto
1035 2222 1197 2287 praetextu,
1218 2217 1299 2286 quasi

124 2285 272 2338 numinum
288 2283 447 2336 imitatores
466 2284 555 2338 libere
572 2291 738 2355 perpetrant
755 2287 855 2356 turpia.
892 2287 1031 2350 Quocirca
1048 2284 1246 2338 multominus
1263 2285 1299 2337 iis

125 2353 259 2407 aberrant
276 2351 334 2416 illi,
357 2351 405 2420 qui
421 2352 478 2403 ruri
497 2353 620 2434 degunt,
639 2370 696 2406 non
733 2371 799 2406 rave
817 2353 944 2405 instituti
962 2355 991 2406 in
1008 2353 1057 2418 iis,
1076 2351 1178 2421 quibus
1197 2351 1299 2404 imbuti

126 2426 204 2486 sunt,
224 2418 274 2488 qui
292 2418 349 2472 ista
366 2419 485 2485 audent,
504 2438 552 2490 qui
573 2438 607 2474 ue
625 2438 642 2474 a
664 2371 738 2475 maiia
757 2421 915 2473 eruditione
934 2419 1109 2490 impietatem
1130 2418 1298 2472 didicerunt.

124 2488 195 2542 liam
209 2487 260 2556 qui
272 2503 290 2540 a
301 2504 388 2555 puero
399 2503 450 2555 pei·
462 2487 513 2542 has
526 2438 638 2544 sahulas
652 2487 748 2542 edocti
761 2494 826 2540 sunt
841 2487 966 2554 litteras,
981 2505 1043 2540 cum
1056 2485 1149 2540 adhuc
1162 2491 1242 2538 tener
1254 2493 1300 2538 est

125 2556 250 2620 animus,
268 2554 370 2624 impias
387 2560 547 2624 putatorum
567 2557 680 2610 deorum
703 2555 831 2609 actiones
853 2555 942 2608 menti
965 2571 1031 2608 suae
1049 2553 1191 2606 inserunt:
1214 2570 1299 2621 quare

125 2624 223 2676 adulta
242 2627 338 2675 aetate
356 2622 446 2675 instar
463 2624 598 2676 malorum
615 2623 753 2677 seminum
770 2621 800 2674 in
825 2622 947 2676 animam
965 2621 1153 2685 deiectorum,
1175 2618 1297 2674 fructum

125 2689 232 2744 ferunt:
253 2696 284 2743 et
302 2689 378 2758 quod
394 2695 438 2742 est
455 2692 578 2744 omniurn
596 2691 809 2763 gravissimum,
829 2689 914 2744 facile
931 2709 988 2744 non
1005 2687 1209 2742 exsciuduntur
1224 2689 1298 2741 radi·

125 2765 205 2813 eatae
218 2757 392 2838 impietates.
428 2758 519 2821 Quare
533 2765 660 2829 oportet,
678 2765 710 2812 ut
721 2759 802 2828 pueri
815 2758 1035 2828 corruptricibus
1047 2773 1104 2809 non
1117 2762 1301 2809 exerceantur

124 2825 302 2896 disciplinis,
317 2825 406 2894 etqui
419 2825 448 2878 in
461 2826 528 2880 flore
541 2829 646 2881 aetatis
660 2833 743 2892 sunt,
758 2826 914 2908 diligenter
928 2826 1114 2880 cohibeantur
1127 2822 1298 2878 Graecorum

123 2895 222 2949 audire
247 2892 376 2959 fabulas3
400 2894 487 2948 multo
510 2897 599 2960 enim,
622 2913 704 2965 quam
726 2894 855 2961 inscitia,
876 2895 956 2965 peior
976 2900 1020 2948 est
1042 2909 1137 2947 eorum
1162 2892 1300 2959 scientia,

124 2963 242 3032 quidam
255 2966 350 3014 autem
363 2961 437 3014 inter
450 2979 497 3016 eos
511 2963 605 3016 omnia
617 2969 737 3032 peccata
751 2961 850 3017 dicunt
863 2962 1059 3017 indifferentia
1071 2965 1100 3014 et
1113 2961 1154 3014 ita
1162 2960 1301 3014 ridiculos

123 3047 186 3084 esse
199 3047 265 3094 eos,
280 3028 328 3096 qui
340 3028 391 3082 illo
403 3029 515 3083 nomine
528 3035 732 3100 nuncuparent.
768 3031 869 3085 Nonne
883 3032 957 3085 enim
971 3049 1005 3085 ex
1020 3029 1159 3084 adulterio
1172 3028 1301 3082 oriuntur

122 3097 249 3152 festinae
262 3102 376 3162 mortes,
390 3096 560 3150 familiarum
573 3098 790 3165 dissolutiones,
807 3099 934 3170 magiae,
952 3099 1080 3166 fraudes,
1098 3097 1250 3168 angustiae
1270 3101 1299 3150 et

142 3165 217 3219 luria
230 3165 289 3218 alia
300 3163 396 3218 mala?
420 3164 493 3220 Nam
512 3183 546 3219 eii
564 3166 769 3220 consuetudine
789 3184 851 3219 cum
869 3167 999 3220 adultero
1013 3165 1060 3232 fit,
1078 3171 1110 3218 ut
1121 3167 1167 3218 vel
1180 3165 1300 3218 maritus

122 3186 288 3296 deseratur,
305 3232 351 3285 vel
371 3237 400 3285 et
416 3250 485 3286 uror
500 3233 620 3288 insidias
634 3239 739 3299 struat,
757 3234 803 3286 vel
821 3234 984 3288 laboreriri
996 3239 1077 3302 parta
1089 3231 1207 3285 moecho
1218 3249 1299 3300 prae-

122 3302 205 3367 beat,
224 3305 254 3353 et
272 3298 394 3370 profuga
412 3317 475 3354 eum
494 3319 527 3354 ex
544 3302 674 3356 adultero
692 3301 868 3379 conceperit,
886 3307 964 3354 metii
980 3299 1208 3368 reprehensionis
1224 3298 1299 3351 uteri

123 3369 234 3423 foetum
250 3369 359 3420 nitatur
371 3367 545 3436 labefacere,
563 3369 672 3438 fiatque
684 3367 867 3432 infanticida,
880 3369 927 3420 vel
941 3368 1005 3418 dum
1017 3365 1125 3445 perdit,
1138 3365 1202 3433 ipsa
1215 3365 1299 3417 simul

123 3442 230 3506 pereat.
268 3435 350 3498 Quod
367 3435 391 3488 si
409 3453 472 3489 cum
490 3453 523 3491 ea
540 3443 672 3490 manente
689 3436 748 3488 viro
768 3452 802 3489 ex
817 3435 935 3488 moecho
949 3433 1112 3502 concipiens
1124 3431 1298 3510 parit,·edu·

124 3511 206 3558 catus
228 3520 299 3572 puer
319 3508 428 3572 patrem
448 3505 556 3572 nescit,
580 3522 643 3558 eum
663 3521 743 3570 vero,
766 3502 814 3572 qui
840 3519 897 3556 nou
919 3508 975 3568 est,
998 3517 1060 3555 esse
1101 3505 1178 3566 ntat3
1201 3515 1300 3568 sieque

123 3572 258 3637 moriens,
271 3569 320 3641 qui
331 3576 414 3640 pater
425 3590 482 3626 non
495 3578 549 3640 est,
563 3573 657 3628 alieno
671 3570 730 3625 filio
743 3571 819 3626 bona
832 3587 883 3624 sua
897 3568 1055 3640 dereliquit.
1079 3518 1192 3632 huonis
1203 3572 1299 3622 autem

176 3831 237 3896 Cap.
250 3831 294 3880 LI.
328 3824 353 3892 1)
367 3828 496 3882 τελοῦσιν
508 3831 584 3880 0.-
601 3825 629 3896 2)
643 3831 691 3880 Le·
735 3825 844 3896 ἡδονάς.
882 3831 932 3881 Ofr.
966 3829 1082 3879 Uhlhorn
1109 3830 1125 3880 l.
1148 3844 1168 3879 c.
1200 3846 1223 3894 p.
1248 3824 1299 3878 406

124 3895 692 4016 didimi“iiiimaiifiilarii
735 3894 1101 4031 tlibi-Tailmtflal
1116 3891 1298 4020 {detti

124 3983 158 4083 st⁰
167 4033 288 4084 Gotelerii
305 4002 363 4082 (lod.
381 3981 692 4102 Hom.,‘peest‹popapav
736 3983 819 4090 ἕὶταις
827 4004 905 4098 Ιἔχοις
918 4033 948 4082 V.
956 3984 1000 4065 μ-
1017 4027 1045 4096 8)
1064 4000 1160 4094 [aiei]
1173 4031 1256 4078 insero
1269 4045 1297 4078 ei

124 4102 195 4168 Epit.
224 4127 260 4138 —
288 4095 316 4166 3)
342 4095 474 4165 Διδώνην
497 4100 548 4162 legi
572 4100 691 4164 vulthr.
735 4097 924 4163 Hom.1v,17.
941 4125 974 4133 —
990 4095 1017 4160 9)
1034 4099 1110 4147 Voce.
1130 4094 1299 4152 ἔκπαιὸιίιις

126 4169 257 4218 Wieseler.
282 4170 390 4218 Auctore
408 4168 541 4217 Zonaras.
560 4163 691 4230 ν.Λιώνη
735 4166 817 4229 κακῆς
838 4164 946 4232 ἀσεβεῖν
965 4157 1176 4233 pipeti-qaedam
1196 4179 1246 4212 non
1263 4163 1299 4213 le·

124 4237 173 4286 isio
206 4235 308 4285 nornine
341 4235 496 4300 Chrysippus
532 4234 692 4300 nuncupabat
734 4238 828 4295 guntur
840 4234 867 4282 in
887 4234 914 4282 V.
933 4258 967 4266 -
984 4226 1028 4296 10)
1045 4225 1147 4297 μύθων
1163 4245 1211 4280 om.
1225 4233 1299 4280 0.—

118 4299 288 4372 Ἀφροὸίιην
316 4318 361 4368 pro
388 4297 516 4366 Διώνην,
541 4303 568 4351 id
592 4301 696 4366 quiden?
736 4295 778 4358 ll)
797 4302 835 4356 εἰς
855 4294 905 4351 τὸν
922 4294 1010 4350 αὐτὸν
1027 4297 1214 4366 συμφωνοῦσι
1230 4297 1299 4352 νοῦν

126 4367 201 4440 παρὰ
213 4366 246 4422 τὸ
258 4363 418 4422 ἐπιδιδόναι
434 4364 481 4426 τὰς
499 4370 547 4434 τῆς
558 4371 692 4436 γενέσεως
736 4369 766 4419 V.
780 4394 813 4403 -
826 4362 869 4434 12)
883 4361 949 4418 οὔτε
961 4368 989 4418 V.
1002 4393 1036 4402 -
1050 4361 1092 4432 13)
1105 4367 1151 4416 καὶ
1162 4382 1210 4416 om.
1224 4369 1253 4418 Ο.
1265 4393 1299 4402 -
