3114 4896
422 1293 946 1392 PROLEGOMENA.

626 1498 717 1505 -—--—

169 1614 193 1666 1.
213 1610 331 1683 Insigne
350 1608 530 1666 Christianae
547 1610 607 1665 anti
629 1609 713 1664 uitat‘
747 1610 950 1666 monimentum
974 1609 1109 1668 traditum
1126 1609 1209 1664 nohis
1229 1615 1273 1664 θεῖ

97 1680 129 1733 in
147 1679 478 1751 Recognitionibus
500 1685 530 1732 et
552 1677 581 1730 iri
630 1679 697 1735 cmi
721 1678 767 1730 iis
784 1680 1012 1748 quae'voccntur
1028 1677 1272 1732 Clementinis.

98 1747 167 1802 Sive
181 1747 257 1801 enim
271 1747 418 1826 ingenium
430 1746 542 1825 illorum
554 1751 711 1826 temporum
724 1746 834 1800 curiose
852 1752 980 1816 spectas,
998 1764 1069 1816 quae
1087 1745 1272 1824 revelationis

96 1815 156 1869 Dei
170 1815 201 1885 in
214 1811 327 1868 Christo
338 1813 431 1869 factae
444 1813 598 1884 primordia
611 1820 685 1868 inter
697 1819 727 1868 et
744 1811 961 1868 exaedificatam
976 1813 1136 1868 Ecclesiam
1149 1814 1273 1868 medium

97 1881 308 1962 quodammodo
326 1886 442 1962 tenent,
463 1881 524 1935 sive
540 1887 850 1962 veterumtnostrnrum
872 1882 1057 1962 disciplinas,
1080 1883 1139 1936 sive
1180 1882 1272 1961 uaeris

32 1985 33 2000 ,
97 1949 330 2020 antiquissimam
342 1949 479 2006 historiae
492 1949 656 2021 dogmatum
673 1949 908 2018 illustrationem,
926 1949 999 2002 nihil
1016 1965 1111 2004 eorum
1128 1950 1169 2004 ini
1191 1965 1274 2004 rnen

32 2065 33 2084 ,
97 2018 235 2097 reperies.
251 2090 255 2098 Ι
271 2017 348 2096 Quid
363 2015 457 2070 dicam
474 2017 511 2070 de
526 2015 637 2096 origine
647 2016 726 2073 haud
742 2033 895 2088 pravarum
911 2017 1097 2098 traditionum
1114 2017 1161 2071 vel
1179 2015 1273 2072 doctis

97 2083 1275 2215 ‘'tristifittttttitthttitillatatidhlittt'tttttttt

96 2170 249 2300 ildlligionis
266 2237 300 2276 ac
318 2217 517 2298 philosophiae
535 2219 652 2299 placitis
661 2170 828 2299 pegrtextam
851 2172 1217 2342 essmatamrpuesu’aviter
1239 2237 1273 2274 ac

98 2285 1274 2426 tittthetidiittttttlttttttttl⁰ttlttttritttitt?

101 2424 201 2545 gplaipe
214 2423 356 2543 ipioddam
369 2422 493 2476 studium
505 2422 634 2476 videmus
646 2423 812 2493 impensum.
846 2421 887 2476 At
903 2440 969 2477 vero
986 2421 1095 2480 fuctum
1110 2375 1157 2476 rdp
1159 2423 1201 2476 ita
1219 2428 1272 2490 cst,

99 2510 118 2545 u
145 2509 175 2544 in
190 2507 221 2544 er

245 2508 259 2545 θ
283 2491 386 2546 endum
398 2507 432 2544 ac
445 2489 663 2544 describendum
681 2490 807 2561 genuina
821 2490 937 2558 quidem
947 2486 1040 2544 dulcis
1052 2489 1166 2544 fabulae
1181 2489 1273 2544 minus

99 2576 184 2629 quam
193 2510 299 2612 indofis
309 2558 483 2612 lineamenta
490 2557 639 2638 archetypi
648 2557 685 2611 ob
694 2556 812 2636 nimium
821 2573 903 2610 usum
910 2571 1000 2626 usque
1013 2557 1085 2638 adeo
1098 2555 1274 2676 cyanisserint,

101 2633 135 2680 ut
147 2625 232 2696 quale
244 2643 320 2682 nunc
334 2631 378 2679 est
388 2630 505 2706 propter
517 2624 727 2680 deformitatem
738 2623 898 2690 ridiculum,
910 2629 992 2694 turpe
1006 2625 1042 2677 ob
1056 2625 1175 2677 similitu
1197 2639 1273 2678 inem

102 2693 194 2747 videri
205 2694 308 2772 possit.
343 2691 433 2746 Cuius
449 2710 491 2751 rei
508 2711 594 2748 causa
610 2693 682 2747 haec
699 2697 743 2746 est
776 2691 866 2762 quod,
885 2708 949 2745 cum
966 2692 1140 2746 saeculorum
1154 2691 1275 2745 decursu

102 2761 242 2832 paulatim
260 2779 277 2815 a
294 2759 445 2831 primosum
462 2757 599 2814 credendi
614 2777 713 2814 norma
730 2731 917 2827 alienaverit,
935 2765 1045 2814 tantam
1057 2758 1140 2814 tortis
1172 2759 1273 2812 olitum

34 2877 35 2898 ,
100 2828 240 2883 erroribus
260 2828 447 2898 corruptelam
465 2833 510 2882 θεῖ
528 2833 687 2898 expertum,
705 2833 750 2894 ut,
769 2828 902 2900 dogmate
920 2827 1070 2882 Ecclesiae
1088 2778 1206 2882 eduliae
1222 2843 1274 2897 per

101 2896 229 2950 divinem
246 2914 259 2948 s
281 2896 376 2949 iritum
394 2895 599 2950 moderatorem
610 2913 668 2949 non
679 2893 786 2965 absque
798 2896 909 2950 ratione
922 2895 1114 2964 consolidato,
1132 2913 1168 2950 ne
1189 2912 1224 2950 ne
1242 2893 1273 2948 in

101 2965 160 3017 suis
172 2915 312 3017 erroribus
325 2964 495 3027 consistere,
515 2979 607 3033 neque
619 2968 698 3017 recto
710 2963 823 3018 tramite
841 2964 930 3018 semel
945 2963 1047 3018 relicto
1065 2963 1103 3017 ad
1121 2913 1271 3035 negdectos

100 3030 196 3085 fontes
215 3030 296 3086 facili
319 3029 436 3101 negotio
454 3031 583 3084 revocari
599 3030 735 3098 potuerit.
769 3031 1019 3086 Verumenimvero
1044 3031 1068 3084 si
1091 3035 1143 3087 τοῦ
1161 3039 1272 3102 Πέτρου

100 3097 277 3178 κηρύγματος
289 3102 341 3154 τοῦ
353 3099 436 3154 πάλαι
447 3098 593 3152 restitutio
605 3097 635 3151 in
647 3097 791 3169 integrum
801 3099 857 3153 iam
868 3115 913 3152 res
927 3107 985 3164 est,
999 3115 1071 3168 quae
1080 3099 1128 3152 vix
1138 3097 1200 3152 fieri
1208 3115 1272 3168 pos-

100 3165 154 3233 sit,
167 3165 352 3220 nihilominus
366 3183 428 3233 eos,
442 3165 491 3245 qui
508 3166 683 3220 eiuscemodi
698 3167 801 3220 studiis
815 3183 928 3286 operam
941 3172 1061 3233 navant,
1074 3180 1125 3236 pen
1139 3178 1274 3220 successu

35 3281 36 3284 ,
99 3234 229 3288 adiutum
241 3234 275 3288 iri
287 3239 370 3304 puto,
385 3233 409 3287 si
422 3233 523 3288 critica
535 3233 708 3287 adminicula
721 3240 829 3303 quantu
841 3251 969 3303 acnnque
982 3251 1055 3288 nova
1067 3234 1097 3287 in
1109 3235 1202 3288 lucem
1210 3251 1272 3303 pro-

98 3301 235 3357 ferantur.
271 3301 315 3355 Ac
328 3319 361 3356 eo
372 3301 462 3382 pluris
477 3317 539 3354 esse
553 3299 686 3355 facienda
698 3302 749 3355 illa
761 3307 892 3380 apparet,
912 3317 967 3370 quo
979 3301 1090 3371 aptiora
1103 3301 1161 3354 sint
1174 3301 1212 3354 ad
1224 3301 1271 3354 de·

75 3407 78 3414 -
100 3369 314 3423 monstrandum
332 3387 424 3423 varias
443 3369 582 3435 rationes,
606 3369 708 3450 quibus
729 3367 885 3421 Christiani
901 3368 993 3438 ipsum
1014 3373 1124 3436 Πέτρου
1144 3367 1273 3444 κήρυγμα

98 3436 227 3490 homines
240 3437 270 3490 in
280 3453 362 3490 usum
374 3453 455 3490 snum
468 3441 668 3492 converterint.
687 3435 764 3488 Hinc
774 3433 849 3488 enim
858 3435 1032 3488 luculentius
1042 3433 1172 3501 clarebit,
1185 3435 1272 3504 quod·

100 3521 165 3557 nam
179 3504 332 3558 discrimen
342 3502 485 3558 Homilias
498 3503 573 3558 inter
581 3509 614 3557 ¹et
625 3503 778 3573 Epitomen
791 3501 966 3570 intercedat,
983 3519 1036 3557 nec
1053 3519 1139 3574 posse
1156 3502 1272 3557 aliunde

101 3572 136 3624 de
149 3569 389 3626 clementinorum
400 3571 522 3625 historia
534 3569 605 3624 satis
617 3576 695 3624 recte
709 3569 874 3626 existimari.

166 3640 191 3692 2.
210 3638 289 3702 Quae
308 3656 370 3692 cum
386 3639 429 3692 its
447 3638 520 3708 sint,
539 3637 608 3691 viris
626 3637 719 3692 doctis
736 3644 765 3692 et
777 3637 958 3710 potissimum
970 3637 1066 3693 theolo
1089 3638 1113 3691 is
1125 3636 1274 3692 remhaud

101 3705 130 3759 in
165 3711 243 3760 atam
256 3721 300 3760 me
312 3705 453 3760 iactumm
474 3723 486 3758 s
508 3706 636 3772 erchem,
655 3705 679 3758 si
693 3705 882 3760 Clementinis
901 3723 964 3760 cum
982 3723 1016 3761 ex
1032 3657 1087 3762 big

119 3791 137 3827 u
150 3790 216 3827 vere
234 3790 268 3828 ac
285 3773 383 3828 umbra
398 3779 495 3844 pertra
516 3773 598 3827 endis
616 3779 675 3826 tum
689 3791 755 3828 cura
768 3774 870 3828 critica
881 3775 1090 3853 pertractandis
1102 3791 1202 3828 manus
1216 3779 1273 3826 stu-

100 3792 233 3910 diumque
250 3840 399 3896 admovere
417 3857 573 3913 pergerem.
607 3839 654 3894 Ab
675 3840 758 3894 huius
780 3849 857 3895 certe
879 3841 1004 3894 instituti
1025 3843 1135 3896 ratione
1154 3857 1273 3921 prorsus

100 3909 225 3964 alienum
238 3907 294 3962 fuit
305 3909 370 3980 plus
382 3909 458 3964 ultra
469 3907 616 3981 progredi,
630 3925 713 3978 quam
745 3925 818 3961 rore
830 3915 899 3962 nata
911 3925 945 3962 ex
957 3915 1037 3978 parte
1054 3911 1180 3963 literaria
1191 3907 1273 3978 posci

100 3976 251 4031 videretur.
275 3976 357 4040 Quod
371 3975 395 4030 si
426 3995 457 4032 ro
470 3983 594 4050 angusto
608 3976 700 4046 spatio
751 3975 927 4047 olegomeriis
941 3993 1078 4030 concesso
1090 3976 1153 4030 ficri
1164 3975 1273 4046 potuis-

101 4049 157 4112 set,
174 3995 458 4114 praetermittendus
475 4051 571 4099 tamen
587 4049 662 4110 erat,
681 4043 748 4114 quia
760 4060 814 4097 nec
826 4043 961 4097 valetudo
973 4041 1098 4110 infmma,
1114 4060 1168 4097 nec
1180 4057 1272 4096 rerum

100 4111 258 4166 adversitas
276 4111 307 4164 id
324 4111 379 4165 rite
398 4129 432 4166 ac
448 4111 515 4166 libri
531 4111 608 4166 fama
625 4111 711 4184 digne
728 4110 934 4165 absolvendum
947 4111 1129 4165 concesserit.
1161 4110 1273 4163 Exosus

101 4179 203 4299 qpippe
222 4177 395 4233 eiuscemodi
413 4179 516 4234 studiis
534 4179 590 4234 iste
608 4185 666 4246 est,
686 4178 733 4233 cui
749 4178 885 4234 continuo
903 4195 966 4233 cum
983 4179 1060 4234 vitae
1073 4176 1214 4231 aerumnis
1230 4175 1272 4228 lu·

101 4263 166 4300 can
186 4264 242 4300 um.

166 4315 191 4370 3.
209 4312 266 4378 Qui
283 4329 318 4368 ex
333 4311 431 4368 Rufini
448 4312 526 4368 Reco
568 4313 707 4368 itionibus
722 4329 737 4367 e
751 4312 863 4368 Graeco
877 4329 1004 4367 sermone
1020 4311 1111 4365 latine
1123 4307 1213 4363 versis
1230 4307 1272 4360 nil

101 4380 157 4435 nisi
173 4398 275 4436 nomen
292 4380 520 4436 Itinerarium
566 4381 633 4435 etri
649 4381 696 4436 vel
712 4381 813 4436 breves
831 4379 989 4434 sententias
1005 4379 1052 4433 vel
1068 4377 1192 4447 prolixas
1204 4374 1272 4428 affe-

1086 3706 1273 3761 liothecarum
1351 3751 1354 3757 .
