3114 4896
568 271 722 326 srmone
739 273 850 324 emon.
1255 259 1298 324 45

183 421 293 478 LXVI.
320 420 458 492 Sequenti
468 437 537 492 ergo
547 419 593 475 die
606 420 708 476 Petrus
720 439 778 476 una
788 438 851 476 cum
860 420 1017 488 sodalibus,
1031 422 1079 492 qui
1090 439 1154 477 oum
1163 440 1197 478 eo
1206 429 1297 492 erant,

118 507 250 562 egressus
268 505 420 560 rursusque
439 490 476 542 ad
494 503 556 542 eum
574 487 667 542 locum
683 488 801 543 veniens
820 487 892 542 dixit
909 489 946 543 ad
964 505 1028 543 eos:
1051 487 1131 544 Deus
1144 492 1238 546 omnia
1269 509 1297 547 ο-

117 564 180 612 test.
218 557 249 611 Is
263 557 339 611 enim
352 562 397 610 est
408 556 500 610 bonus
513 573 547 610 ac
560 555 651 609 iustus
664 573 795 638 nuncque
808 555 838 610 in
850 563 968 610 cunctos
977 557 1101 628 patiens,
1114 563 1146 612 nt
1155 560 1207 680 qui
1219 511 1297 613 volu-

118 627 190 680 erint
201 625 384 696 poenitentia
396 624 431 678 de
443 623 527 678 malis
540 641 558 678 a
570 640 600 677 se
613 625 772 679 commissis
782 630 848 679 acta
860 630 890 678 et
903 624 963 679 vita
975 625 1131 680 secundum
1144 626 1154 678 i
1183 627 1258 696 quod
1271 627 1298 680 ei

117 695 212 764 placet
225 699 373 748 transacta
386 691 494 762 singuli
506 691 537 744 in
546 691 602 758 die,
616 707 671 762 quo
683 693 817 748 universa
828 692 1043 760 iudicabuntur,
1060 711 1110 764 pro
1122 695 1224 748 meritc
1235 711 1297 764 per·

118 761 233 833 cipiant.
273 759 453 831 Quapropter
464 777 539 812 nunc
552 759 672 830 incipite
685 760 760 815 bona
772 759 936 831 cognitione
949 778 966 815 a
978 759 1042 815 Deo
1074 761 1182 816 ersuasi
1194 761 1297 815 vestris

117 829 251 883 resistere
265 829 398 883 absurdis
413 826 630 896 cupiditatibus,
642 844 696 908 quo
708 828 826 898 possitis
838 828 965 908 primam,
979 845 1051 898 quae
1084 847 1186 884 umano
1199 830 1297 902 generi

117 898 225 951 tributa
237 895 304 963 fuir,
318 895 440 968 gratiam
451 910 593 956 reuocare.
631 895 678 949 Sic
691 895 767 949 enim
778 895 860 949 robis
874 896 1008 950 continuo
1022 896 1148 951 orientur
1159 898 1249 966 bona3
1267 905 1297 952 et

118 965 143 1018 ei
159 965 208 1034 qui
226 964 311 1018 dedit
327 963 422 1042 agetis
441 962 549 1042 gratias
566 969 704 1043 perpetuo
721 962 880 1042 ineffabilia
896 963 972 1018 bona
988 964 1183 1034 possidentes,
1203 966 1296 1021 abluti

118 1032 191 1102 prius
206 1034 239 1086 in
251 1031 341 1086 beata
351 1031 491 1084 trinitatis
504 1036 694 1097 invocatrone,
709 1048 733 1083 s1
743 1030 806 1101 quis
819 1048 934 1097 naevus,
949 1032 973 1085 si
986 1049 1058 1102 quae
1071 1034 1183 1089 macula
1195 1034 1225 1088 in
1236 1033 1296 1088 ani-

119 1100 213 1154 mabus
229 1099 337 1154 vestris
356 1103 456 1153 exstet.
492 1098 538 1152 Ita
555 1115 676 1168 namque
694 1115 751 1152 non
768 1099 858 1152 solum
871 1099 1020 1156 latitantes
1038 1099 1068 1154 in
1085 1101 1166 1155 vobis
1179 1101 1296 1173 spiritns

119 1164 1296 1306 tittatttriti„ttttttttttttttttettttttttttt

119 1303 154 1356 ad
164 1255 195 1358 §e
209 1302 299 1356 iussit
311 1301 458 1366 accedere,
471 1273 670 1372 impositisqr’re
682 1302 812 1357 manibus
826 1319 910 1374 super
926 1319 974 1357 eos
988 1321 1050 1358 cum
1063 1304 1130 1358 illos
1145 1275 1296 1358 confestim

123 1376 255 1426 sanasset
267 1368 425 1442 praecepit,
437 1374 470 1422 ut
481 1367 581 1423 maiori
593 1386 675 1424 mane
688 1371 880 1424 convenirent.

180 1455 308 1511 LXVII.
326 1453 425 1508 Tertio
437 1459 532 1508 autem
541 1453 588 1508 die
597 1453 698 1508 Petrus
710 1454 836 1509 diluculo
847 1455 967 1508 surrexit
977 1453 1110 1525 factaque
1119 1473 1203 1537 prece
1212 1457 1295 1511 sedit.

120 1523 160 1577 Et·
170 1525 404 1578 animadvertens
421 1539 472 1575 nos
485 1521 690 1576 circumsedere
704 1523 851 1602 oculisque
864 1521 982 1582 intentis
995 1539 1099 1577 eumas
1121 1541 1205 1592 rcere,
1214 1524 1296 1596 quasi

119 1591 227 1662 aliquid
240 1591 338 1645 audire
352 1589 515 1660 cupientes,
532 1589 618 1643 dixit:
645 1588 722 1643 Ante
736 1607 843 1657 omma,
861 1589 983 1656 oamici,
997 1589 1022 1642 is
1053 1590 1083 1642 ui
1126 1608 1189 1644 eum
1202 1593 1295 1646 colere

119 1660 177 1713 vult
188 1660 262 1712 scire
276 1659 371 1726 debet,
384 1657 460 1728 quod
471 1657 522 1711 ille
535 1657 565 1710 in
576 1657 667 1712 tribus
679 1657 808 1728 personis
822 1658 1010 1729 cognoscitur.
1034 1607 1187 1729 ‹i'roprium
1199 1665 1294 1714 autem

119 1727 195 1780 illius
212 1744 249 1781 ae
260 1726 444 1796 praecipuum
457 1730 516 1792 est,
533 1725 657 1780 omnium
674 1730 864 1780 creaturarum
881 1741 944 1779 esse
961 1724 1105 1796 opificem,
1123 1727 1217 1782 omnia
1230 1745 1295 1782 eon·

119 1795 224 1861 tinere,
243 1794 394 1864 omniaque
409 1793 575 1859 terminare,
592 1798 624 1846 ut
641 1792 690 1863 qni
708 1793 902 1863 superomnia
923 1793 961 1848 sit
978 1799 1137 1864 cunctaque
1159 1795 1293 1851 effecerit.

119 1861 170 1916 His
184 1861 273 1916 dictis
286 1861 440 1930 multisque
459 1861 493 1916 de
510 1860 620 1931 pietate
638 1877 707 1932 erga
718 1861 813 1916 Deum
829 1861 966 1941 expositis
979 1862 1076 1930 iussit,
1096 1861 1294 1918 daemoniacos

120 1937 147 1983 et
158 1930 266 1984 morbis
279 1937 434 2000 occupatos
447 1929 484 1982 ad
497 1945 527 1983 se
540 1927 654 1995 adduci,
667 1928 769 1998 quibus
787 1929 892 1983 oblatrs
905 1947 1004 1984 manus
1021 1929 1169 2001 imponens
1187 1949 1221 1987 ao
1233 1937 1294 2004 p're-

121 2003 200 2051 catus
214 1997 375 2052 incolumes
389 1996 505 2049 dimisit.

183 2064 323 2120 LXVHI.
348 2064 470 2118 Rursum
481 2068 577 2117 autem
590 2063 721 2132 sequenti
734 2063 780 2118 die
793 2080 948 2136 exsurgens
965 2070 995 2119 et
1008 2073 1216 2147 comprecatus,
1230 2086 1293 2122 oum

121 2132 222 2186 deinde
236 2132 386 2187 nobiscum
399 2131 531 2200 sedisset,
543 2131 619 2185 hunc
632 2133 661 2186 in
673 2132 786 2186 modum
798 2134 893 2214 coepit
906 2133 997 2204 loqui:
1021 2134 1076 2199 Qun
1093 2135 1131 2190 ad
1142 2135 1236 2191 Deum
1248 2154 1294 2192 ac·

120 2202 219 2256 cedere
238 2200 398 2268 desiderat,
416 2199 526 2254 sobrius
544 2215 607 2253 esse
622 2199 721 2266 debet,
740 2200 825 2254 debet
843 2201 898 2256 srbi
915 2207 1087 2274 temperare,
1105 2203 1175 2258 iram
1187 2210 1294 2273 tenere,

119 2269 212 2322 aliena
225 2286 284 2322 non
297 2267 444 2339 surripere,
458 2267 531 2321 iuste
544 2267 649 2333 vivere,
663 2285 726 2320 cum
738 2268 813 2323 bono
825 2267 894 2336 iure,
907 2270 1075 2339 tranquille,
1089 2271 1206 2340 leniter,
1220 2290 1250 2327 se
1264 2273 1294 2326 in

120 2335 283 2416 indigentia
298 2336 394 2416 potius
414 2335 558 2389 continere
576 2351 610 2388 ac
625 2335 792 2407 reprimere,
811 2353 895 2406 quam
912 2355 975 2391 cum
991 2355 1048 2392 non
1060 2337 1165 2394 habeat
1178 2341 1294 2394 alterius

119 2402 199 2456 b0n1s
213 2403 321 2458 oblatis
335 2402 454 2474 expleri,
473 2403 556 2458 corde
573 2405 694 2457 mundus
707 2420 770 2458 esse
784 2409 812 2457 et
844 2422 910 2458 urus
923 2421 1053 2485 corpore,
1072 2422 1126 2459 nec
1142 2407 1294 2462 assimilari

119 2469 292 2538 Pharisaeis,
305 2471 343 2526 ad
354 2488 424 2541 quos
434 2471 563 2525 dominus
572 2477 606 2536 ,et
617 2470 698 2524 Deus
708 2476 804 2524 noster
830 2487 895 2525 esus
909 2470 1037 2526 Christus
1048 2472 1134 2525 dixit:
1157 2475 1208 2528 Vae
1219 2477 1295 2530 cobis

120 2539 235 2594 Scribas
252 2548 276 2594 et
293 2539 445 2596 Pharisaei
459 2539 629 2608 hypocritae,
648 2539 714 2606 qaia
731 2540 872 2592 mandatis
888 2540 984 2593 calicis
1000 2548 1024 2592 et
1040 2541 1205 2610 parapsidis
1222 2545 1296 2610 quoa

119 2609 237 2661 euterius
254 2615 304 2670 eat,
322 2609 395 2661 intas
412 2615 501 2660 autem
519 2625 551 2660 ea
568 2609 654 2676 plena
673 2615 736 2660 suat
752 2607 887 2660 sordibus.
923 2607 1076 2660 Phariadee
1088 2626 1178 2675 caece,
1190 2611 1294 2664 manda

115 2675 196 2744 priua
215 2675 316 2728 calicis
332 2684 357 2728 et
364 2675 529 2743 paropsidis
541 2676 668 2741 interius,
687 2682 716 2727 ut
728 2683 753 2726 ct
767 2674 844 2727 illius
856 2675 973 2727 eateriaa
984 2676 1115 2728 maasiam
1121 2677 1184 2744 fiat.
1219 2676 1294 2732 Vere

120 2742 194 2795 enim
207 2741 259 2812 qui
278 2741 411 2796 interiora
422 2742 602 2814 purgaverit,
621 2741 761 2796 exteriora
777 2759 888 2812 quoque
904 2743 1025 2821 purgare
1040 2747 1150 2813 potest,
1187 2744 1217 2798 ui
1228 2761 1294 2800 vero

120 2810 262 2865 exteriora
279 2816 395 2882 purgat,
413 2809 450 2864 ad
466 2810 610 2866 hominum
627 2810 726 2864 laudes
744 2809 888 2880 aspiciens
906 2811 937 2864 1d
954 2811 1025 2884 agit,
1044 2813 1095 2866 sed
1112 2761 1188 2884 apud
1199 2813 1293 2868 Deum

121 2877 283 2932 mercedem
295 2895 352 2932 non
363 2877 458 2932 babet.

184 2945 294 2999 LXIX.
325 2944 379 2999 His
392 2944 477 2999 dictis
489 2950 520 3014 pt
532 2944 598 2998 aliis
610 2945 739 3016 pluribus
752 2946 787 3000 de
801 2946 983 3015 castimonia,
1003 2965 1066 3002 eum
1078 2947 1135 3002 iarn
1146 2954 1204 3004 tres
1217 2968 1294 3006 men·

121 3030 175 3080 ses,
191 3013 297 3084 quibus
309 3013 434 3068 ieiunare
446 3030 490 3067 me
502 3019 695 3084 praeceperat,
710 3015 845 3084 completi
857 3021 962 3082 esseut,
976 3016 1083 3070 ducens
1095 3035 1139 3072 me
1151 3018 1188 3073 ad
1199 3018 1294 3073 fontes

119 3081 204 3135 maris
222 3081 332 3135 vicinos
344 3081 462 3151 perenni
476 3097 550 3150 aqua
561 3080 720 3151 baptizavit
732 3082 762 3135 in
778 3083 890 3137 nomine
906 3084 996 3153 patris
1014 3090 1044 3139 et
1059 3083 1113 3138 filii
1130 3091 1160 3140 et
1176 3086 1293 3156 spiritus

119 3149 228 3218 asueti,
245 3165 364 3218 cumque
380 3165 483 3219 panem
498 3165 567 3203 acce
589 3149 660 3202 isset
676 3155 705 3203 et
720 3149 916 3205 benedixisset
928 3169 962 3206 ac
974 3151 1122 3224 fregisset,
1141 3155 1293 3208 communi·

121 3216 198 3271 cavit
210 3234 263 3271 nos
276 3216 452 3272 intemeratis
465 3233 499 3272 ac
511 3216 554 3270 vit
584 3216 647 3272 ibus
668 3219 860 3273 sacramentis.
890 3217 986 3290 Atque
1001 3219 1044 3274 ita
1059 3219 1156 3276 feriati
1172 3239 1206 3276 ac
1223 3223 1293 3276 laeti

172 3407 236 3472 Gap.
253 3407 349 3459 LXVI.
389 3403 416 3467 1)
438 3401 576 3472 ὄΠέτρος
591 3424 640 3458 om.
656 3410 685 3457 Β.
782 3407 841 3473 Gap.
855 3407 962 3458 LXVII.
987 3403 1014 3473 1)
1027 3401 1292 3476 ὀρθριώτερονΒιιι

120 3501 152 3509 -
163 3473 195 3535 2>
209 3473 318 3545 ἑτέροις
330 3489 406 3541 supra
416 3493 445 3524 αι
455 3477 484 3538 Β,
498 3473 603 3544 ἑτέροις
614 3476 641 3526 O.
653 3503 688 3512 -
730 3479 815 3525 nostre
835 3476 857 3523 Ε
876 3474 904 3522 it.
926 3501 960 3509 -
977 3469 1006 3540 2)
1028 3469 1043 3523 ὁ
1061 3477 1099 3532 εἰς
1120 3470 1188 3531 θεὸς
1204 3481 1290 3525 nostra

119 3537 147 3659 ἒ
167 3538 221 3594 αὐτ
233 3541 245 3553 ”
263 3538 382 3612 ἀρέσκον
392 3543 444 3592 inv.
456 3543 486 3591 B.
504 3571 538 3580 -
554 3540 580 3607 4)
594 3547 687 3602 κακαῖς
730 3542 799 3610 Epit.
813 3545 837 3591 et
893 3557 932 3608 ap.
947 3542 1000 3592 Cot.
1013 3568 1047 3576 —
1060 3537 1087 3610 3)
1103 3539 1134 3593 τὸ
1147 3541 1249 3593 adiunxi
1263 3560 1292 3594 cx

145 3626 195 3660 om.
219 3559 274 3672 i’X,
302 3606 333 3659 19
357 3615 382 3660 et
404 3614 490 3660 nostra
512 3611 592 3677 Epir,
618 3611 687 3662 deest
729 3613 758 3660 B.
775 3638 809 3646 -
826 3605 854 3678 4)
875 3605 1050 3680 δημιουργὸν
1067 3611 1089 3661 D
1108 3627 1164 3661 aum
1182 3615 1291 3677 utroque

119 3673 240 3736 ἀτόποις
250 3677 282 3728 in·
291 3678 323 3727 al.
335 3692 375 3744 ap.
389 3677 442 3728 cot.
457 3705 492 3714 -
505 3675 531 3742 5)
542 3675 611 3748 ἡμῖν
620 3679 686 3729 Bal)
729 3683 830 3729 rosbes
853 3679 924 3745 Epit.
954 3679 1045 3730 Codice
1073 3683 1097 3730 et
1119 3681 1150 3729 ul.
1176 3696 1215 3747 ap.
1237 3682 1291 3731 Cot.

119 3742 686 3826 o.l²um.‚seds0sa1>en'0nius.-6)st-
729 3773 764 3782 -
785 3743 813 3814 5)
833 3763 862 3799 τε
883 3763 932 3797 om.
954 3748 985 3797 D.
1004 3747 1054 3798 Hic
1080 3748 1140 3798 ordo
1167 3764 1235 3800 seco.
1257 3753 1291 3800 B:

135 3807 388 3881 αριστήσατεΗοιιι.
400 3813 417 3862 l.
429 3828 459 3875 a,
473 3810 502 3865 εὐ
522 3827 689 3884 αριστησητε
732 3809 824 3866 πάντα
836 3813 867 3866 δὲ
879 3816 1057 3888 περιορίζων·
1072 3818 1118 3868 καὶ
1135 3811 1227 3870 πάντα
1244 3834 1292 3869 πε-

114 3833 340 3948 VnostraeEpit.
354 3881 422 3931 etal.
435 3897 474 3947 ap.
511 3887 558 3944 ot,
577 3877 688 3951 εὔχαρι.-
733 3883 841 3952 ριέχων.

119 3954 212 4002 urstis
230 3949 263 3998 al.
280 3965 320 4016 ap.
333 3949 387 3999 cot.
406 3975 440 3985 -
461 3945 488 4016 7)
502 3943 646 4002 ἐπικλύσει
659 3951 687 4001 0.

119 4015 187 4082 ..8)
200 4013 348 4152 ipsassr‘pusc
357 4017 385 4066 O.
394 4044 427 4054 -
437 4011 464 4098 9)
475 4016 688 4084 ἐνδομυχοῦνια
782 4017 841 4084 cap.
853 4018 974 4070 LXVIII.
1000 4015 1027 4087 1)
1040 4014 1126 4070 πάλιν
1143 4015 1231 4089 ἡμέρᾳ
1244 4035 1291 4068 οιιι.

121 4081 190 4154 ὑμῖν
232 4083 272 4134 uit
289 4078 369 4165 ἡμῖν)
387 4099 532 4152 avergam
549 4087 584 4149 Β,
604 4084 686 4138 ἐνδυ·
730 4085 756 4135 G.
777 4111 811 4120 -
832 4080 859 4152 2)
876 4084 982 4155 μᾶλλον
1000 4087 1138 4153 recepimus
1160 4102 1189 4134 ex
1208 4087 1291 4151 BCD,

118 4168 279 4220 μοιχουντα
296 4168 443 4223 utenbura
462 4147 542 4222 ὑμῶν
553 4155 584 4213 D,
604 4151 686 4210 ἰνδο-
729 4153 805 4203 Hom.
826 4153 873 4214 XI,
894 4149 936 4214 15,
958 4160 1044 4204 nostra
1063 4153 1133 4217 Epit.
1157 4157 1182 4201 et
1202 4154 1233 4202 al,
1251 4170 1291 4220 ap.

118 4220 267 4299 μαχοῦντα
289 4219 320 4270 ul.
348 4221 460 4286 ap.Cot.
481 4215 687 4289 -10)πὰλιν
729 4221 786 4270 Cot.
804 4247 838 4256 —
853 4216 881 4286 3)
894 4220 985 4269 Mattb.
1003 4217 1045 4281 23,
1057 4217 1097 4268 25.
1107 4214 1153 4278 26;
1172 4214 1251 4291 ὑμεῖς
1263 4221 1290 4271 c.

119 4305 195 4338 mser.
212 4288 261 4340 cl)
281 4292 306 4337 et
321 4288 354 4339 al.
372 4303 411 4355 ap.
429 4287 483 4339 aot.
509 4289 620 4340 Subinde
638 4283 686 4360 ὄρ·
729 4314 763 4323 -
775 4283 803 4354 4)
818 4282 967 4356 ὑποκριταὶ
979 4303 1025 4337 cm.
1040 4287 1066 4338 0.
1088 4312 1122 4322 -
1142 4281 1169 4354 5)
1184 4283 1215 4340 sd
1228 4285 1290 4346 ἔξω·

120 4351 450 4427 tpsoisrqovltutncstre
460 4357 531 4426 Epit.
730 4359 782 4408 θεν
794 4355 821 4407 O.
