3114 4896
565 385 720 438 serrone
738 387 849 438 aaron.
1260 372 1298 436 17

14 521 15 534 ¹
108 536 245 604 avaritia,
268 533 349 590 inani
373 533 467 606 gloria
493 532 615 604 aliisque
636 533 793 604 similibus,
819 552 893 606 quae
915 552 978 590 oum
998 539 1134 606 tanquam
1158 536 1294 608 plurimus

109 603 204 659 fumus
218 603 395 659 coniunctim
407 601 540 674 vagarint
553 608 583 656 et
595 601 763 658 intraverint
780 621 831 674 pro
849 603 931 658 domo
950 603 1084 658 mundum
1100 604 1233 676 intusque
1245 604 1293 660 ha-

108 673 266 728 bitantium
286 671 432 726 hominum
451 669 544 724 visum
568 669 747 738 offuscarint,
774 688 904 726 coenon
928 671 1025 726 sinunt
1050 671 1178 743 aspicere
1202 690 1293 742 neque

14 749 16 776 l
108 741 208 794 mundi
225 745 382 795 creatorem
398 738 492 793 Deum
509 737 673 810 intelligere
691 756 725 793 ex
743 739 794 806 iis,
816 738 846 793 in
865 738 966 810 quibus
984 741 1045 810 ipse
1063 758 1092 795 se
1110 740 1218 810 pinxit,
1240 758 1293 796 neo

108 825 284 889 cognoscere
298 807 373 878 quod
386 806 413 861 ei
424 806 528 877 placet.
554 805 694 870 Quocirca
707 811 828 878 oportet,
841 807 971 862 veritatis
986 807 1108 862 studiosi
1121 808 1292 862 intrinsecus

14 931 15 938 ,
107 894 142 930 ex
154 893 269 932 anrmee
285 874 425 947 profundo
439 873 476 928 ad
492 873 629 930 auxilium
646 893 713 930 vera
729 875 840 930 ratione
858 881 962 930 vocent
979 875 1073 930 Deum
1087 876 1191 943 solum,
1205 877 1292 930 domi-

14 943 16 966 *
107 963 174 997 num
187 950 286 998 autem
298 949 424 998 nostrum
441 959 475 996 ac
492 943 663 998 salvatorem
675 945 769 996 Iesum
782 941 939 1010 Christum,
959 949 988 998 ct
1000 943 1037 998 ab
1051 961 1084 998 eo
1097 945 1291 1016 cognitionem

107 1013 268 1083 accipiant,
286 1017 319 1065 ut
335 1010 439 1080 aliquis
457 1010 534 1065 intus
546 1011 658 1082 positus
676 1011 706 1064 in
724 1011 806 1065 domo
823 1010 893 1066 fumi
910 1013 1009 1082 plena,
1032 1012 1062 1066 in
1078 1012 1146 1080 hoo,
1168 1013 1291 1082 inquam,

108 1079 225 1147 mundo,
239 1079 381 1134 accedens
393 1078 606 1160 possitaperire
619 1077 707 1145 fores,
723 1097 777 1150 quo
790 1079 886 1134 lumen
899 1081 981 1147 solis,
1000 1079 1076 1152 quod
1088 1086 1167 1134 extra
1179 1087 1237 1148 est,
1251 1081 1292 1135 in-

14 1169 15 1178 *
106 1149 287 1202 tromittatur
299 1147 329 1200 in
342 1147 467 1212 domum,
485 1164 562 1218 rgms
579 1163 645 1202 vero
663 1145 768 1218 fumus,
810 1148 838 1201 ui
857 1147 931 1202 intro
950 1154 1008 1216 est,
1031 1147 1174 1216 eiiciatur,
1195 1155 1227 1202 ut
1244 1149 1292 1204 ho-

14 1227 15 1232 ’
107 1217 212 1283 mines,
226 1233 292 1270 cum
303 1215 513 1294 perspexerint,
528 1215 645 1270 credant
659 1215 689 1268 in
700 1233 786 1270 unum
828 1233 892 1270 eum
903 1221 1013 1287 patrem
1026 1217 1249 1287 omnipotentem
1263 1224 1292 1271 et

14 1291 15 1336 l
108 1285 139 1337 in
150 1283 335 1366 unigenitum
348 1299 409 1336 erus
422 1280 513 1336 fillum
531 1299 566 1336 ex
582 1300 615 1338 eo
628 1289 695 1338 ante
714 1284 811 1338 secula
823 1284 1007 1338 inenarrabili
1023 1285 1106 1338 modo
1118 1285 1248 1356 genitum
1261 1291 1291 1339 et

108 1353 138 1405 in
150 1353 284 1422 spiritum
297 1356 426 1405 sanctum
439 1367 473 1404 ex
486 1351 586 1406 eodem
598 1350 742 1406 ineffabili
753 1352 863 1406 ratione
875 1351 1091 1422 procedentem,
1105 1359 1191 1423 atque
1203 1371 1290 1407 unum

107 1420 203 1474 Deum
216 1423 393 1491 cognoscant
410 1419 440 1472 in
456 1419 547 1473 tribus
565 1419 708 1489 personis,
726 1419 868 1490 principio
881 1425 1038 1486 carentem,
1057 1417 1123 1474 finis
1136 1426 1289 1492 expertem,

14 1509 16 1528 >
107 1495 266 1554 aeternum,
278 1492 461 1558 perpetuum,
474 1487 642 1554 increatum,
656 1487 877 1554 immutabilem,
894 1487 1046 1542 variationi
1058 1505 1116 1542 non
1129 1489 1289 1556 obnoxium,

14 1559 16 1578 ¹
108 1557 284 1626 simplicem,
302 1573 359 1609 non
376 1555 577 1626 compositum,
591 1556 799 1626 incorporeum,
813 1555 1002 1622 invisibilem,
1016 1555 1192 1622 intactilem,
1207 1557 1289 1610 incir-

107 1625 327 1695 cumscriptum,
341 1622 670 1693 incomprehensibilem,
684 1621 842 1690 infinitum,
861 1640 918 1677 non
930 1624 1076 1677 valentem
1087 1623 1227 1694 perspici,
1241 1625 1290 1678 bo-

14 1695 15 1702 ³
106 1710 188 1760 num,
210 1693 329 1757 iustum,
351 1695 497 1760 potentem
517 1690 623 1757 omnia,
646 1696 837 1746 creaturarum
863 1689 987 1746 omnium
1008 1689 1139 1811 opificem
1162 1692 1287 1762 omnipo-

105 1765 233 1826 tentem,
255 1760 444 1830 inspectorem
461 1763 639 1826 cunctorum,
664 1759 837 1829 provisorem
860 1759 997 1826 omnium,
1044 1759 1228 1813 ominatorem
1252 1777 1286 1814 ac

14 1871 15 1904 3
106 1828 246 1882 iudicem:
260 1836 345 1897 atque
358 1827 484 1906 itaaqua
496 1833 525 1881 et
539 1826 640 1907 spiritu
651 1827 744 1882 renati
756 1825 927 1882 cohaeredes
941 1827 1153 1882 constituantur
1164 1826 1287 1882 filiorum

14 1905 16 1926 '
107 1897 167 1950 Dei
177 1900 341 1951 renatorum
353 1894 390 1948 ad
401 1900 647 1966 rncorruptronem.

175 1963 286 2018 XVIII.
323 1963 499 2043 Quapropter
515 1969 581 2017 ante
598 1979 708 2017 omnem
720 1961 917 2034 quaestionem
928 1968 960 2017 tu
973 1979 1092 2044 quoque,
1111 1979 1127 2017 o
1141 1961 1283 2029 Clemens,

14 2063 15 2096 ,
107 2036 238 2112 prompte
249 2037 385 2100 tanquam
398 2029 474 2084 filius
492 2031 528 2085 ad
543 2036 654 2102 patrem
666 2031 786 2098 aceede,
799 2036 831 2085 ut
844 2037 873 2085 et
886 2031 1044 2085 visibilium
1057 2038 1087 2086 ct
1099 2031 1288 2086 invisibilium

107 2107 304 2170 cogmtronem
315 2115 381 2152 vere
390 2098 445 2152 tibi
455 2099 592 2169 praebeat
602 2098 690 2152 Deus.
709 2099 791 2162 Quod
804 2099 828 2152 si
840 2104 991 2169 postquam
1003 2105 1121 2154 vocatus
1134 2116 1163 2154 es
1174 2117 1231 2153 non
1243 2100 1286 2152 vis

108 2175 157 2220 aut
168 2167 323 2234 cunctaris,
336 2166 474 2221 iustoDei
485 2166 590 2220 iudicio
600 2167 734 2221 exhaeres
743 2167 810 2234 eris,
821 2175 850 2222 at
859 2167 926 2238 quia
935 2167 1062 2234 noluisti,
1072 2168 1152 2222 nolet
1162 2175 1191 2222 te
1200 2167 1289 2222 Deus.

108 2235 209 2306 Neque
219 2251 285 2290 vero
299 2234 453 2302 existimes,
472 2235 547 2305 quod
559 2235 614 2288 etsi
627 2235 764 2303 omnium,
782 2236 831 2306 qui
847 2252 971 2317 unquam
983 2235 1097 2290 fuerunt
1114 2236 1171 2306 pii,
1192 2236 1289 2307 piissi-

109 2321 170 2356 mus
183 2302 376 2382 sis,baptismi
387 2307 486 2374 autem¹
492 2303 763 2358 consummationem
773 2303 922 2358 nonfuerrs
933 2303 1201 2371 assecutus,bonam
1209 2321 1288 2374 spem

108 2371 233 2441 adipisci
245 2370 399 2440 ahquando
410 2371 524 2442 poteris.
537 2371 580 2424 Eo
593 2371 668 2424 enim
680 2371 800 2426 maiores
812 2389 919 2442 poenas
932 2371 1023 2437 dabis,
1038 2372 1114 2441 quod
1124 2372 1208 2426 bonis
1222 2388 1286 2441 ope-

108 2439 188 2492 ribus
201 2457 258 2493 non
269 2439 343 2492 bene
355 2456 423 2492 usus
437 2439 483 2492 sis.
519 2439 607 2506 Nam,
625 2444 657 2492 ut
675 2439 769 2505 aiunt,
790 2438 895 2493 bonum
911 2457 968 2492 non
979 2439 1084 2493 bonum
1097 2445 1155 2504 est,
1174 2439 1287 2508 quando

109 2525 166 2561 non
177 2507 253 2560 hene
265 2507 367 2588 agitur.
404 2506 450 2560 Tu
460 2523 526 2561 vero
544 2507 582 2574 si,
603 2506 838 2576 quemadmodum
850 2507 914 2560 Deo
925 2507 1036 2576 placet,
1055 2507 1129 2559 nolis
1147 2505 1288 2576 baptizari

14 2569 15 2582 ¹
108 2592 142 2628 ac
154 2581 221 2629 tuae
234 2581 330 2644 potrus
342 2574 484 2629 voluntati
496 2575 675 2646 obsequeris,
690 2573 820 2645 profecto
832 2573 910 2627 illius
924 2573 1043 2628 consilio
1054 2589 1204 2652 repugnas.
1230 2571 1288 2626 Sed

14 2653 15 2660 ’
109 2643 182 2696 forte
204 2642 298 2697 dices:
334 2641 372 2695 Et
392 2642 462 2712 quid
481 2643 518 2696 ad
562 2643 680 2698 ietatem
701 2641 842 2709 conferet,
868 2641 893 2694 si
914 2658 987 2711 aqua
1009 2640 1159 2712 baptizer?
1171 2641 1288 2718 ‚Primo

77 2755 81 2762 .
108 2710 234 2790 quidem,
248 2711 314 2780 quia
326 2709 357 2762 id
368 2710 444 2790 quod
455 2709 518 2765 Deo
530 2662 639 2781 placuit
652 2709 731 2765 facis.
770 2709 900 2765 Secundo
913 2726 988 2777 vero,
1002 2711 1069 2780 quia
1081 2725 1132 2780 per
1144 2726 1246 2780 aquam
1259 2715 1289 2763 et

14 2819 15 2838 ,
109 2779 241 2848 spiritum
260 2795 417 2832 renasceris
440 2777 505 2833 Deo
533 2784 619 2850 atque
642 2778 761 2850 primam
783 2777 966 2832 nativitatem
990 2795 1074 2848 quam
1095 2793 1129 2832 ex
1153 2777 1288 2848 concupi-

14 2879 16 2898 :
108 2847 222 2900 scentia
237 2846 352 2900 traxisti
369 2852 522 2916 permutas,
545 2847 642 2917 sicque
660 2847 781 2902 salutem
800 2845 936 2916 consequi
947 2846 1068 2917 poteris,
1091 2846 1176 2901 aliter
1192 2851 1288 2901 autem
1311 2903 1313 2907 ,

14 2909 16 2944 l
109 2913 172 2968 fieri
193 2913 301 2984 nequit.
336 2913 382 2968 Ite
403 2915 478 2968 enim
500 2914 548 2984 qui
571 2920 686 2986 propter
711 2916 883 2970 salutemet
907 2913 1150 2970 immortalitatem
1173 2915 1288 2987 generis

108 2981 200 3036 nostri
211 2981 376 3036 incarnatus
389 2988 434 3038 est
445 2983 526 3037 Deus
540 2999 630 3037 sermo
644 2982 716 3036 dixit
727 2983 823 3039 nobis:
854 2981 962 3038 Amen
982 2983 1063 3038 dico
1085 2983 1198 3050 vobis,
1219 2983 1289 3036 nisi

14 3059 15 3082 ί
108 3050 225 3104 renati
250 3049 397 3104 fueritis
421 3068 508 3122 aqua
533 3057 566 3105 et
591 3050 730 3122 spiritu,
761 3054 826 3106 non
854 3051 1057 3106 introibitis
1086 3051 1121 3104 in
1143 3067 1289 3131 regrrum

14 3131 15 3142 ¹
109 3118 294 3172 caelorum.
321 3118 460 3183 Quocirca
472 3119 509 3173 ad
521 3119 560 3174 ba
580 3119 695 3172 tismum
708 3119 822 3186 accede,
837 3119 978 3189 siquidem
989 3119 1037 3174 hic
1050 3119 1126 3174 solus
1138 3138 1218 3173 vrmr
1241 3119 1285 3172 nis

107 3191 206 3256 potest
218 3185 407 3267 exstinguere.
443 3186 543 3266 Neque
557 3138 649 3254 differ,
663 3188 795 3267 quoniam
809 3187 909 3266 dilatio
924 3188 997 3242 solet
1009 3187 1109 3243 afferre
1121 3137 1287 3258 periculum,

108 3257 262 3325 propterea
273 3255 349 3323 quod
362 3259 501 3309 mcertum
515 3261 553 3309 s1t
564 3261 766 3326 praestitutum
778 3260 862 3310 morti
874 3260 988 3310 nostrae
1000 3261 1119 3325 tempus.

108 3377 190 3448 γίνῃ,
209 3372 382 3442 ἆβᾰπτιστος
399 3376 430 3429 δὲ
443 3371 485 3443 ἧς,
503 3376 618 3436 ἐλπίδος
632 3395 678 3429 τυ·
721 3377 857 3444 Responsio
869 3377 901 3426 ad
916 3377 996 3426 Marci
1007 3377 1218 3439 Interrogationes
1230 3392 1284 3442 cap.

14 3449 15 3454 ’
104 3449 171 3511 χεῖν
180 3445 212 3496 al.
224 3461 264 3512 ap.
277 3446 331 3496 (lot.
341 3441 411 3512 -4)
426 3432 468 3496 sic
477 3446 551 3496 ACD
565 3446 629 3496 etal.
639 3463 679 3512 ap.
722 3443 746 3508 6,
760 3459 857 3494 necnon
870 3443 990 3506 Origenes
998 3443 1026 3493 in
1039 3444 1132 3494 Oetena
1143 3444 1226 3492 Lucae
1237 3445 1285 3494 Ms.

110 3513 181 3575 Cot,
202 3509 243 3580 μὴ
264 3508 385 3582 φθάσεις
401 3516 423 3563 Β
440 3514 507 3576 vulg.
524 3541 559 3550 -
575 3509 607 3581 ι5)
629 3513 680 3566 τοῦ
722 3513 754 3562 ad
774 3528 827 3580 cap.
842 3507 865 3563 1.
876 3527 942 3561 vers·
957 3508 981 3574 6,
999 3510 1043 3562 ubi
1059 3511 1181 3560 tamenin
1193 3510 1260 3562 edita
1274 3527 1289 3560 a

112 3581 217 3630 adiunxi
238 3597 268 3630 ex
287 3583 317 3633 h
337 3609 372 3617 -
391 3575 418 3648 6)
435 3580 543 3660 μᾶλλον
565 3583 680 3633 πλείονα
723 3580 841 3632 Corderio
873 3595 963 3630 nomeu
986 3579 1109 3630 Simeonis
1142 3580 1284 3646 apponitur,

14 3667 15 3692 r
110 3649 212 3698 ordinat
222 3649 246 3697 A
257 3653 285 3698 ut
296 3654 382 3699 nostra
392 3651 462 3715 Eprt.
479 3676 513 3685 —
530 3644 557 3717 7)
571 3643 607 3706 ὥς
623 3649 680 3699 dedi
721 3649 806 3700 nescio
812 3648 880 3698 anob
887 3641 928 3713 Σή
936 3647 1002 3714 quod
1008 3647 1039 3698 ad
1046 3648 1287 3712 marginemGodiois

14 3749 15 3788 ,
109 3731 140 3765 ex
152 3718 176 3766 A
190 3733 216 3782 p.
238 3710 253 3766 ὃ
273 3717 347 3768 BCD
365 3717 432 3780 vulg.
454 3717 565 3768 Adnotat
583 3717 679 3768 Cotcle·
722 3717 796 3781 Regii
818 3721 934 3784 apparot,
958 3719 1044 3782 estque
1060 3718 1238 3788 σημείωσατι.
1254 3745 1289 3754 -

14 3819 15 3832 2
109 3783 175 3834 rius:
203 3785 338 3836 Deuteron.
356 3785 427 3836 XVI.
450 3781 491 3836 20.
521 3788 590 3836 Iuro
616 3788 680 3848 quod
720 3779 748 3852 8)
761 3781 842 3843 καλὸς
853 3786 967 3852 γίνηται
978 3787 1008 3848 A,
1020 3784 1108 3843 καλῶς
1123 3787 1235 3852 γένηται
1254 3788 1288 3848 Β;

109 3855 202 3901 iustam
219 3859 256 3900 est
269 3856 432 3916 persequeris.
454 3854 487 3904 Se
505 3853 565 3904 ient.
579 3853 623 3904 VI.
638 3850 678 3906 ll.
721 3847 766 3904 ὅτι
784 3847 850 3903 καλὰ
874 3852 940 3922 ἔργα
963 3849 1013 3904 οὐκ
1034 3851 1167 3935 ἐποίησας
1193 3852 1287 3912 καλῶς.

111 3920 140 3970 οἱ
151 3914 323 3989 φυλάξαντες
332 3916 417 3978 ὁσίως
428 3917 461 3972 τὰ
473 3935 538 3972 οσια
553 3915 677 3985 donnol-
721 3915 787 3986 καλὴ
798 3915 850 3990 γὰρ
864 3917 988 3984 εὐποιία,
1001 3915 1079 3973 ὁπότ’
1094 3938 1129 3972 αν
1146 3917 1182 3980 ὡς
1194 3915 1209 3973 ὁ
1223 3916 1289 3979 θεὸς

111 4003 220 4040 dovrae.
254 3987 294 4038 Ad
325 3989 428 4039 verbum
455 3989 482 4040 in
513 3989 572 4040 Vita
595 3989 679 4038 Lucae
721 3987 844 4041 ἐκέλευσε
864 3990 973 4055 γίνηται
1000 3985 1122 4056 (γένηται
1145 3990 1165 4038 0
1189 3993 1288 4040 nostrae

109 4055 218 4106 iunioris
229 4055 307 4106 Tomo
319 4053 343 4107 2.
378 4057 492 4107 Auctarii
504 4056 679 4108 Gombciisiani
721 4051 803 4124 Epir.)
823 4057 898 4106 huius
919 4057 1017 4124 periodi
1038 4073 1089 4108 var.
1111 4055 1186 4105 lectio
1204 4061 1241 4106 est
1260 4056 1288 4106 in

110 4138 169 4190 pag.
178 4118 238 4172 985.
252 4119 284 4174 τὸ
295 4119 348 4206 γὰρ
360 4119 452 4185 καλὸν,
466 4119 499 4176 οὗ
512 4119 609 4186 καλὸν,
623 4142 679 4192 φα·
722 4131 808 4176 nostra
818 4125 889 4190 Epit.
907 4130 932 4174 et
947 4125 978 4174 el.
991 4140 1030 4190 ap.
1043 4124 1097 4174 Oot.
1117 4149 1152 4158 -
1174 4116 1201 4239 92
1220 4124 1287 4186 Lege

111 4193 170 4252 σὶν,
190 4185 260 4242 ὅταν
270 4210 310 4262 μη
323 4191 411 4250 καλῶς
426 4194 549 4260 γίνοιτο,
572 4196 597 4242 et
613 4192 679 4258 apud
721 4188 857 4260 ἀναγίννᾳ
868 4191 895 4242 in
904 4191 1050 4241 IndioatIvo.
1065 4193 1128 4239 Olor.
1138 4217 1173 4225 -
1201 4185 1229 4257 0)
1240 4209 1286 4258 γε·

111 4259 261 4323 Grogorium
287 4259 472 4310 Nazianzenum
496 4261 565 4310 Orat.
589 4257 630 4312 33.
654 4277 679 4338 p.
722 4261 844 4329 νομίνην
856 4276 904 4309 om.
916 4259 946 4310 D.
960 4257 1071 4308 Subinde
1086 4273 1133 4308 sor.
1152 4254 1286 4311 καταλάι·

109 4322 170 4378 531.
183 4322 215 4378 τὸ
227 4325 312 4380 καλὸν
321 4323 355 4378 οὗ
364 4323 457 4388 καλὸν,
469 4322 537 4380 ὅταν
545 4323 585 4395 μὴ
594 4329 681 4386 salac
723 4345 779 4385 τεις
789 4329 819 4377 A.
831 4354 866 4362 —
879 4321 922 4392 ll)
935 4319 1024 4383 οὕτως
1035 4325 1090 4376 Be.
1102 4351 1137 4362 -
1149 4321 1192 4394 12)
1206 4324 1287 4379 ἐναν-

109 4397 229 4462 γίνηται.
252 4395 361 4461 Parique
373 4395 447 4446 modo
463 4397 573 4448 Zonaras
589 4395 621 4446 ad
633 4396 679 4446 Oa·
722 4396 872 4462 θρωπίσας
890 4395 948 4444 ΑΙ).
972 4419 1007 4429 -
1031 4388 1074 4460 13)
1090 4389 1165 4463 ἀμὴν
1187 4389 1239 4464 γὰρ
1257 4396 1286 4443 Δ.

111 4478 202 4514 nonem
220 4465 392 4527 Gangrensem
404 4459 443 4516 14.
465 4469 490 4515 et
506 4463 639 4514 Balsamon
652 4463 680 4512 in
722 4463 758 4512 Io.
773 4457 798 4522 3,
812 4458 836 4510 5.

1086 4545 1098 4584 2
