3126 4894
233 363 294 430 182
428 427 434 430 ³
698 351 927 393 mmmm

229 495 279 580 μέν
301 495 398 580 ἀγάπη
417 494 433 578 6
449 496 519 578 πρὸς
539 492 636 558 πάντα
657 490 812 575 ἄνθρωπον
832 493 964 559 τελεία
938 519 971 559 το
987 491 1070 600 άῤῥεν
1083 495 1167 576 μέρος
1181 489 1254 559 ἐστίν
1269 491 1340 560 οῦσα
1354 497 1406 578 τῆς

230 583 463 683 φιλανθρωπίας,
484 580 518 644 τό
536 578 566 644 66
584 581 666 643 ἐλεεῖν
684 584 760 660 θήλο
780 576 863 660 μέρος
885 575 957 644 ἐστίν
976 577 1070 660 αύτής.
1095 577 1164 658 ὅπερ
1183 573 1241 642 ἐστὶ
1263 582 1404 643 πεινῶντα

231 668 356 774 θρέψαι,
372 692 419 729 και
433 664 520 768 ποτὸρ
535 665 654 746 διψῶντι
667 673 834 763 παρασχεῖν,
850 659 897 726 καὶ
912 663 1011 768 γυμνὸν
1026 662 1147 737 ἐνδύσω,
1167 659 1246 726 καὶ37
1263 666 1403 728 νοσοῦντα

232 752 454 832 ἐπισκέψασθαι,
469 773 516 812 και
508 744 608 822 ξένον
623 748 772 822 δεξάσθω,
788 748 893 826 6628’
877 765 905 811 εν
920 748 1011 853 είρκτή
1025 747 1100 811 κατά
1115 748 1149 810 τὸ
1160 748 1310 812 δυνατόν’
1294 773 1404 832 ετιιφαι-

232 835 343 916 νόμενον
358 839 482 938 βοηθεῖν,
498 859 545 896 και
536 829 779 940 άπαξαμλοῦς
753 856 801 896 τον
816 833 844 894 ἐν
858 841 1013 934 συμφοραῖς
1027 833 1146 914 ἐλεῆσαι.

315 917 446 978 XCVII.
469 915 538 998 Ἐγὼ
553 914 616 979 δὲ’
597 914 722 988 ἀκούσας
736 916 817 998 ἐφην·
832 919 924 980 ταῦτα
937 877 1266 1022 μένδρναέὸνπράττειρ,
1283 917 1405 998 ἐχθρούς

230 1001 302 1066 66'
273 1011 430 1084 ενεργετεῖν,
445 1003 543 1064 πάσαν
556 1001 648 1102 αύτρῦν
652 998 835 1107 ῦποφέροντα
847 999 983 1106 ἐπήρειαν,
998 1001 1048 1064 οῦκ
1060 997 1153 1081 οίομαι
1164 998 1280 1064 δυνατὸν
1289 1001 1405 1106 ἀνθρω-

230 1088 296 1192 πρίη
311 1095 453 1192 πρρσεῖηαι
471 1084 560 1187 φύσει
580 1080 627 1147 καὶ
646 1082 663 1147 6
683 1084 829 1164 Πέτρος’
813 1086 996 1166 απεκρίνατο
1013 1085 1158 1194 ὀρθῶς
1142 1109 1217 1167 εφης.
1236 1083 1406 1210 ἀθανασίας

231 1171 284 1254 γάρ
299 1170 377 1234 αι’τία
390 1167 462 1233 οῦσα
477 1195 493 1251 η
483 1167 711 1271 φιλανθρωπία
725 1173 828 1232 πολλοῦ
847 1145 963 1232 δίδοται.
985 1169 1062 1273 κάγὼ
1078 1169 1157 1274 ἐφηη·
1173 1169 1234 1240 ποῦς
1252 1167 1323 1232 οῦν1
1344 1167 1405 1232 σῦν·

230 1279 303 1318 εστιν
319 1255 346 1318 ἐν
352 1280 400 1360 ρῳ
387 1257 522 1336 λαβεῖν,·
537 1249 584 1316 καὶ
598 1277 615 1314 ο
605 1249 768 1333 Πέτρος’
749 1253 932 1334 ἀπεκρίνατο
948 1252 1059 1360 τριύτην,
1076 1280 1098 1316 ω
1084 1247 1173 1335 φίλε
1184 1251 1294 1350 Κλήμη,
1308 1257 1405 1358 λαβεῖν

231 1341 319 1412 ἐστιν,
343 1337 393 1402 ἐὰν
411 1340 614 1444 πληροφορηθῇ
629 1361 682 1412 τις,
703 1335 747 1401 ὅτι
766 1337 794 1401 οἱ
810 1313 909 1443 ἐχθροὶ
928 1337 998 1418 πρὸς
1006 1337 1114 1444 66666
1129 1340 1340 1418 κακουγοῦντες,
1355 1335 1405 1408 οῦς

230 1425 366 1524 μισοῦσιν,
386 1423 499 1486 αἰωνίου
518 1421 660 1493 κολάσεως
679 1420 845 1524 ἀπαλλαγῆς
864 1422 960 1494 αύτοῖς
984 1417 1066 1485 αίτιοι
1083 1423 1217 1525 γίνοντομ
1239 1422 1353 1502 προσέτι
1375 1417 1405 1484 66

231 1506 332 1578 αύτούς
346 1503 386 1578 τός
400 1506 551 1614 εὐεργέτας
555 1502 881 1610 σφόδραάγριπήσονσιν.
902 1501 974 1570 εἰδὲ
988 1504 1061 1608 ὅλως
1074 1507 1125 1611 τρῦ
1139 1504 1242 1586 ταύτην
1257 1501 1405 1588 λαβεῖν,ιῦ

230 1591 293 1696 φιλε
308 1590 421 1672 Κλήμη,
441 1589 558 1696 μήτις
535 1593 619 1665 ἐστιν,
642 1590 675 1654 ού
693 1588 810 1672 πάρεστι
827 1590 915 1674 φόβος
929 1593 1024 1654 θεοῦ3
1045 1587 1061 1654 ό
1076 1589 1130 1694 γάρ
1144 1588 1216 1654 θεὸν
1230 1589 1401 1694 φοβούμενος

233 1673 282 1739 τὸν
297 1677 412 1756 πλησίον
428 1701 467 1747 ως
480 1676 580 1776 εαρτὸν
596 1674 712 1779 ἀγαπᾷ
735 1679 775 1754 τῷ
789 1675 838 1756 μέν
853 1701 896 1738 τοι
900 1674 985 1780 πρὸς
996 1677 1065 1738 θεοῦ
1080 1673 1160 1758 φόβην
1174 1673 1212 1736 τὰ
1227 1672 1404 1778 ἀγαπώντων

233 1769 321 1823 ποιεῖν
336 1758 464 1862 δύναται,
485 1755 531 1822 καὶ.
546 1759 602 1822 εἴθ’
618 1757 707 1830 οὕτως
721 1757 907 1864 πράξαντι
875 1783 913 1822 τα
928 1757 1040 1862 ἀγάπης
1053 1783 1087 1884 τμ
1073 1756 1279 1863 ἀγμπάν3
1258 1783 1298 1830 ως
1311 1756 1405 1861 νύμφη

231 1842 303 1909 ούσα
326 1843 511 1949 προσφερετρι
533 1840 572 1913 ὡς
594 1843 701 1945 γομφίῳ
723 1848 764 1922 τῷ
786 1841 876 1948 φόβῳ.
898 1869 946 1906 και
967 1839 1078 1950 οήτως3
1101 1842 1166 1947 τρὺς
1184 1840 1405 1949 φιλανθρώπους

232 1929 363 2000 τίκτουσα
377 1927 521 2028 λογισμοὺς
536 1926 688 1991 ἀθάνατον
703 1928 838 2010 τίθησι
813 1953 861 1990 τον
876 1928 1037 2032 κεκτημέηον
1051 1923 1090 2000 ὥς
1104 1924 1198 1990 ειίιόνα
1216 1929 1289 1990 θεοῦ
1303 1923 1405 2009 ὁμοίαν

231 2010 286 2077 ῦπὸ
299 2015 416 2094 φθοράς
424 2009 633 2118 ὑβρισθῆναι
600 2039 641 2114 μη
651 2013 842 2120 666666666]
810 2036 859 2075 τιν
871 2012 957 2075 αὐτοῦ
965 2010 1054 2094 φύσιν.
1074 2008 1169 2116 όμρῦς3
1186 2010 1234 2074 τὸν
1246 2013 1296 2093 τής
1310 2014 1405 2091 φιλαν-

233 2098 368 2178 θρωπίας
377 2097 526 2175 ἐκθέμενος
537 2093 600 2177 όμιν
608 2095 713 2198 λόγον
698 2122 819 2204 εσπερας
823 2059 1120 2223 ἐπματαλαβούσης
1093 2120 1133 2167 εις
1144 2093 1228 2197 ύπνρν
1237 2094 1404 2202 ἐτράπημεν.

318 2179 464 2239 XCVIH
489 2180 617 2285 Ὀρθρον
632 2179 662 2244 δὲ
676 2181 833 2305 γινομένου1
848 2179 939 2245 εἰσιτὸν
953 2177 970 2242 6
986 2180 1127 2258 Πέτρος
1105 2193 1177 2285 εφη
1193 2177 1271 2286 6666
1286 2179 1406 2284 Κλήμης

235 2264 307 2347 μετά
322 2267 371 2346 τής
386 2265 471 2330 αὐτοῦ
486 2262 602 2366 μητρός
607 2265 794 2338 Πατθιδίας3
805 2292 855 2367 μαι
846 2291 918 2372 της
926 2263 997 2371 ἐμης
1008 2265 1134 2346 γυναικὸς
1149 2261 1209 2343 ἅμα
1221 2259 1266 2327 ἐπὶ
1280 2267 1329 2327 τοῦ
1344 2264 1406 2346 ὀχή

235 2373 323 2431 ματος
338 2349 574 2454 κμθεζέσθωσαν.
590 2346 740 2455 ὁρμώντων
754 2345 812 2412 66
792 2349 875 2458 ημιῦγ
890 2345 934 2414 ἐπι
949 2349 1000 2456 666
1014 2349 1184 2420 Βαλαναίας
1198 2345 1265 2450 6666
1279 2348 1406 2413 ἐπύθετό

232 2459 284 2516 μου
299 2432 316 2515 6
329 2433 424 2516 μήτηρ,
439 2439 500 2506 πῶς
514 2431 530 2496 6
546 2459 639 2516 πατηρ
654 2433 746 2516 διάγει.
762 2429 840 2537 κάγὼ
855 2433 933 2515 ἔφην·
957 2435 1002 2497 ἐπι
993 2429 1126 2537 ζήτησίρ
1140 2457 1191 2496 σου
1206 2429 1254 2536 κμὶ
1266 2436 1322 2498 τόν
1337 2432 1406 2496 διδύ-

231 2545 291 2599 μων
312 2520 441 2625 ἀδελφοῖν
459 2543 511 2599 μον
535 2519 696 2583 (θανστίνον
715 2544 746 2582 τε
764 2544 811 2582 και
835 2521 1040 2582 Φαυστινιανοῦ
1042 2517 1177 2620 ἐκβὰς
1160 2516 1305 2598 ἀνεύρετός
1323 2520 1405 2583 ἐστιν.

207 2659 211 2666 .
232 2603 318 2709 ρῖμαι
322 2601 382 2665 66'
366 2629 396 2666 εκ
410 2629 460 2666 τον
447 2603 603 2708 πλείστην
617 2606 776 2684 τελευτῆσαι
796 2603 882 2667 αῦτὸν
896 2600 1048 2710 χρόνον3
1032 2629 1049 2684 η
1059 2602 1193 2706 ναυαγίῳ
1208 2601 1404 2708 περιπεσόντα,

230 2682 290 2766 666
305 2684 363 2766 666
378 2688 576 2793 σφαλέντα,4
566 2685 583 2769 6
603 2687 657 2752 ῦπὸ
677 2687 765 2770 λύπης
786 2689 981 2792 μαρανθέντα.
1001 2683 1025 2792 6
1038 2683 1104 2749 δύ’
1086 2686 1234 2750 ακούσασα
1248 2712 1296 2750 και
1287 2682 1406 2794 6166-

232 2795 297 2870 κρυς
304 2773 442 2874 γενομένη
457 2772 599 2847 ἐστέναξεν
613 2777 786 2877 λνπηθεῖσμ,
802 2795 835 2851 τη
825 2769 881 2834 66
895 2772 966 2851 πρὸς
980 2768 1027 2852 ἐμὲ
1041 2767 1144 2875 εύρέσει
1157 2771 1295 2880 χαίρουσμ
1309 2771 1360 2854 τήν
1374 2774 1405 2836 ἐκ

231 2859 281 2936 τῆς
299 2853 478 2962 ὑπομνήσεως
495 2854 583 2960 λύπην
603 2856 721 2937 μετρίως
741 2854 801 2936 ἀπή
801 2859 940 2961 μβλνηεν.3
959 2854 1168 2936 κατηντήσαμεν
1184 2854 1232 2918 ούν
1252 2880 1292 2927 εις
1306 2861 1406 2920 Βαλα·

231 2939 322 3012 ναί.ας
344 2963 377 3018 τη
367 2938 454 3002 66'
438 2939 550 3042 επιούση
569 2937 659 3022 ήμέρα
680 2941 718 3012 είς
733 2884 857 3002 Πάλταν
871 2937 1011 3045 ήλθρμεν,
1029 2939 1163 3045 κάρεῖθεν
1182 2941 1220 3012 είς
1239 2945 1271 3002 Γ
1268 2939 1407 3046 αβαλαν,

231 3047 278 3124 τη
254 3021 311 3085 66
325 3021 408 3126 ἑτέρη
422 3023 645 3130 κατηντήσαμεν
647 3023 685 3096 είς
699 3023 881 3086 Λαοδόιειαν.
897 3050 944 3087 και
935 3020 1018 3087 ι’δοὺ
1032 3023 1087 3104 πρό
1101 3027 1158 3086 τοῦν
1168 3027 1268 3105 θνρων
1279 3022 1405 3106 Νικήτης

232 3131 279 3170 και
270 3101 415 3177 Ἀκύλας
420 3105 606 3210 ἀπήντων3
593 3117 665 3188 ημῖν,
681 3132 729 3171 και
720 3103 1013 3216 ηαταφιλήσαντες’
998 3133 1064 3190 ηγον
1077 3103 1189 3171 66⁸
1161 3132 1210 3190 την
1226 3108 1355 3184 ξενίαν.
1342 3135 1359 3172 ο
1376 3107 1406 3174 66

158 3215 163 3228 ·
235 3189 346 3296 Πέτρος
361 3187 447 3272 καλήν
462 3217 509 3253 και
500 3185 642 3274 μεγάλην
656 3191 735 3255 πόλιν
747 3190 813 3256 6666
825 3193 943 3268 ἀξιον,’
927 3219 987 3299 εφη,
1002 3194 1131 3299 ἐνταμθα
1142 3191 1250 3274 ήμεριῦν
1261 3195 1405 3297 ἐπιμεῖναι.

233 3271 272 3347 οῦς
286 3275 340 3359 γάρ
355 3277 458 3340 ἐπίπαν
473 3275 506 3338 τὸ
519 3279 632 3357 πλῆθος
646 3275 864 3383 δυνατήτερόγ’
848 3301 905 3341 εστι
919 3279 1016 3340 τίκτειν
1031 3277 1095 3349 τούς
1110 3275 1338 3382 ζητουμένουςβ
1324 3303 1341 3341 ο
1356 3273 1405 3382 μέγ

231 3359 281 3470 666
296 3359 440 3466 Νικήτης
435 3387 483 3424 και
474 3329 618 3433 Ἀκύλας
633 3360 826 3426 ἐπυνθάνοντό
841 3387 902 3468 αρν,
917 3358 995 3434 τίς
967 3387 1007 3442 ειη
1019 3359 1115 3444 αύτηή
1127 3362 1188 3443 ξενη
1196 3362 1223 3404 10
1236 3361 1310 3444 γυνή.
1326 3359 1405 3446 κάγιῦ

234 3447 315 3550 έφην
339 3445 389 3528 ἐμή
403 3443 504 3528 μήτηρ,
523 3443 557 3528 ήν
571 3447 722 3530 ἐπιγνῦναί
731 3471 778 3528 μοι
792 3443 808 3509 ὁ
823 3446 894 3519 θεὸς
909 3445 956 3510 διὰ
970 3445 1082 3528 Πέτρου
1100 3449 1151 3510 τοῦ
1165 3446 1257 3528 κυρίου
1269 3472 1325 3528 μον
1340 3449 1405 3512 ἐδω·

267 3554 349 3593 σατο.

232 3529 266 3612 ρ’
317 3613 434 3674 ΧΟΙΧ.
475 3612 578 3677 Ταῦτά
591 3639 645 3696 μου
659 3637 787 3690 ειποντος
801 3639 817 3676 ο
808 3611 944 3695 ’Πέτρος
958 3613 1055 3678 πάντα
1070 3613 1166 3686 αὐτοῖς
1180 3609 1225 3679 ἐπὶ
1243 3615 1405 3719 κεφαλαίων

233 3696 393 3772 ἐξέθετο,
373 3724 413 3768 ως
428 3693 490 3779 ἅμα
505 3699 605 3804 αὐτούς
619 3700 817 3803 προοδεῦσαι’
802 3698 854 3803 εγὼ
868 3697 1027 3780 Κλήμης
1000 3723 1032 3762 το
1047 3699 1113 3780 ἐμόν
1127 3700 1204 3802 γένος
1219 3698 1296 3778 αύτορ
1284 3699 1404 3774 ἐξεθέ·

232 3806 297 3862 μην,
317 3777 427 3862 καὶτῆς
444 3782 545 3864 μητρὸς
564 3783 612 3865 τήν
628 3782 657 3846 ἐκ
677 3786 726 3865 τῆς
744 3785 794 3846 τοῦ
813 3783 919 3865 ὀνείρου
934 3786 1061 3892 ηλαστής
1078 3783 1256 3890 προφάσεως
1261 3784 1334 3888 μετὰ
1348 3788 1405 3890 666

232 3863 351 3946 διδύμων
367 3863 453 3968 αύτής
461 3867 567 3930 τέκνων
582 3867 724 3950 γενομένην
739 3867 950 3974 ἀποδημιῦιν,’
933 3892 973 3931 ετι
991 3891 1022 3930 τε
1040 3893 1088 3930 και
1105 3868 1277 3948 τοῦπατρὸς
1292 3867 1341 3972 τήν
1360 3865 1406 3934 ἐπὶ

235 3948 266 4054 ζή
267 3974 299 4030 τι
301 3974 343 4013 σιν
366 3948 452 4051 αύτής
472 3948 680 4054 ἀποδημι’ριν,’
664 3975 760 4016 επειτα
779 3951 823 4014 ὅτι
836 3951 908 4032 μετὰ
925 3952 958 4015 τὸ
974 3952 1092 4016 ἀκοῦσαι
1107 3955 1200 4016 ταῦτα
1213 3953 1394 4017 ει’σελθών’
1366 3979 1406 4026 εις

233 4037 282 4114 τήν
297 4037 380 4116 νῆσον
395 4029 442 4096 καὶ
456 4035 491 4112 τή
505 4059 609 4115 γνναικι
624 4035 763 4116 συντυχὼν
781 4033 834 4140 μαὶ
849 4040 1057 4144 προσαιτοῦσομ
1076 4035 1143 4100 ἰδὼν
1161 4033 1209 4100 καὶ
1223 4040 1273 4100 τοῦ
1291 4063 1405 4118 προσαι-
1470 4089 1474 4096 ,

233 4127 289 4182 τεῖν
308 4117 358 4198 τήν
377 4117 469 4180 αἰτίαν
488 4119 682 4226 πμθόμενρς’
662 4146 735 4224 εγγω
755 4120 841 4200 αύτής
862 4121 999 4202 τὸγένος,
1019 4120 1194 4203 ἀνατροφην,
1210 4121 1259 4184 τὸν
1278 4123 1406 4188 πλαστὸν

234 4201 338 4302 όνειρρν
353 4197 400 4300 κμὶ
414 4203 470 4264 τῶν
485 4204 586 4266 τέκνων
600 4203 637 4266 τὰ
655 4202 796 4284 ὀνόματα,
816 4207 884 4307 ἐμοῦ
901 4229 931 4267 τε
945 4229 994 4312 τορ
982 4206 1251 4286 καταλειφθέντος
1265 4205 1346 4286 παρὰ
1365 4211 1405 4286 τῷ

233 4279 319 4362 πατρὶ
334 4309 381 4344 και
395 4286 451 4346 τῶν
467 4285 554 4367 αὐτῆς
568 4289 811 4369 συμπορευομένων
827 4287 993 4368 διδύμων’
958 4314 1069 4365 τεκνων,
1084 4287 1133 4362 οὓς
1148 4292 1176 4354 ἐν
1190 4315 1231 4369 τη
1217 4287 1355 4372 ’βυθοῦ
1342 4317 1405 4355 υπε-

234 4375 323 4430 νοεῖτο
337 4369 509 4443 τεθνηκέναι.
