3114 4896
556 329 711 380 uriuoim
728 329 842 381 reice.
1251 313 1289 376 11

119 476 214 531 lectica
226 476 287 530 ulla
296 475 478 556 artedoeere,
492 475 544 556 sed
556 475 628 530 adeo
642 476 703 556 sine
715 475 1014 597 praemeditationem
1027 475 1291 556 simpliciterueoxpo-

117 543 429 691 titilttttuttt
444 543 1290 683 ttltt‘l‘ttttttttttltttttttttttttttt

118 696 147 732 ex
157 697 217 798 111Βέ
229 679 484 816 ai'sbffltguiilieiiii
493 679 738 816 gqqqqeeeqqqpso
751 746 873 801 candide
886 746 1055 802 dicebantur
1066 745 1190 824 libenter
1201 761 1289 815 popu·

117 813 155 867 lus
166 814 384 885 acquiescebat,
401 813 566 885 philosophi
583 821 683 885 utpote
700 814 750 936 qui
767 831 803 868 ex
819 813 938 868 huiusce
950 815 1048 868 mundi
1061 812 1215 884 disciplina
1226 829 1288 883 pro-

116 881 227 949 dierant,
241 881 385 936 ludificari
398 898 461 936 eum
474 900 507 938 ac
520 882 612 938 ridere
625 883 703 936 ordie
725 887 809 936 antur
820 881 972 937 immodica
984 882 1105 936 audacia
1118 881 1289 936 cavillantes

116 956 192 1018 atque
211 949 323 1020 probris
341 951 519 1004 incessentes
538 955 567 1003 et
584 950 719 1005 adversus
738 966 801 1003 eum
822 955 936 1004 utentes
958 949 1135 1022 syllogismis
1153 954 1289 1018 tanquam

116 1017 190 1070 armis
201 1018 377 1088 potentibus.
405 1016 445 1070 At
457 1017 507 1071 ille
520 1017 645 1089 ineptias
658 1035 753 1071 eorum
765 1018 908 1098 repellens
920 1025 1051 1071 versutae
1065 1017 1189 1088 ipsorum
1201 1017 1288 1069 inter·

115 1084 247 1163 rogationi
264 1103 324 1140 non
341 1085 520 1151 occurrebat,
539 1101 636 1139 verum
654 1085 859 1156 imperterritus
880 1103 937 1139 non
955 1085 1106 1140 desinebat
1127 1084 1212 1154 loqui.
1249 1083 1287 1135 Et

115 1151 260 1221 aliquando
281 1153 397 1222 quidam
416 1152 593 1208 iocabundus
609 1153 731 1224 rogabat
748 1171 824 1207 eum:
857 1153 964 1220 Quare,
985 1171 1002 1208 o
1023 1167 1096 1207 nove
1115 1151 1227 1218 doctor,
1247 1151 1289 1206 ita

115 1217 199 1272 factus
211 1226 255 1273 est
269 1221 363 1288 culex,
375 1225 407 1274 ut
419 1220 552 1273 minimus
562 1221 703 1286 exsistens
715 1229 807 1276 et-sex
819 1221 908 1292 pedes
921 1219 1031 1275 habens
1043 1221 1213 1290 insuperque
1226 1219 1287 1272 alas

115 1293 200 1357 gerat,
222 1288 342 1358 elephas
363 1305 430 1341 vero
450 1288 602 1342 maximum
622 1288 728 1342 animal
750 1305 814 1342 cum
836 1294 932 1343 eareat
949 1289 1004 1343 alis
1022 1293 1156 1358 quattuor
1175 1291 1288 1340 tantum

115 1355 193 1423 pedes
204 1354 334 1410 habeat?
352 1355 407 1409 Ille
424 1361 520 1410 eutem
538 1356 668 1410 doctrina
684 1356 721 1410 ad
733 1356 987 1428 interrogationem
1002 1356 1148 1426 paulisper
1160 1353 1288 1408 cohibita
1341 1388 1346 1396 -

114 1422 183 1476 nullo
202 1428 301 1477 tamen
324 1422 421 1477 dehis
439 1423 658 1495 datoresponso
679 1424 716 1478 ad
736 1441 801 1478 eum
822 1424 870 1494 qui
886 1423 1112 1494 interrogaverat
1130 1439 1287 1476 sermenem

114 1505 187 1557 quem
200 1490 235 1545 ab
249 1491 334 1545 initio
348 1491 402 1544 sibi
416 1498 601 1562 proposuerat
613 1491 766 1611 resumqsit
783 1491 837 1545 hoc
851 1492 911 1545 solo
924 1497 1008 1544 utens
1020 1490 1164 1561 prooemio
1177 1491 1207 1543 in
1218 1506 1287 1543 una-

23 1569 24 1586 ¹
115 1573 214 1627 quaque
227 1558 476 1629 interpellatione:
495 1559 585 1614 Nebis
606 1559 708 1614 deman
729 1565 808 1612 etum
825 1559 1000 1612 solummodo
1014 1564 1073 1624 est,
1090 1562 1123 1610 ut
1134 1557 1217 1611 vobis
1230 1572 1286 1609 ser-

113 1642 200 1678 mones
213 1643 247 1680 ac
259 1626 405 1681 mirabilia
417 1626 496 1680 facta
509 1626 587 1680 illius
601 1627 649 1696 qui
661 1626 741 1680 misit
753 1645 805 1681 nos
818 1643 990 1693 enarremus,
1003 1643 1037 1680 ac
1049 1643 1099 1696 pro
1113 1625 1286 1678 demonstra-

114 1691 183 1745 tione
200 1693 356 1748 dialeetiea
375 1699 467 1748 testes
487 1694 569 1748 vebis
590 1694 772 1764 producimus
793 1712 889 1748 eorum
905 1693 953 1764 qui
974 1693 1021 1747 hie
1039 1693 1155 1748 adstant
1172 1692 1286 1746 multos.

115 1757 237 1813 Ceterum
249 1761 281 1814 in
293 1767 389 1816 vestre
401 1767 546 1832 potestate
559 1768 613 1828 est,
627 1761 746 1844 obsequi
758 1763 806 1816 vel
818 1761 904 1816 fidem
916 1780 972 1816 non
984 1761 1096 1817 habere.
1132 1760 1195 1832 Ego
1209 1765 1286 1813 certe

23 1851 24 1866 ,
112 1843 162 1880 non
173 1829 307 1895 cessabo,
329 1829 410 1883 vobis
431 1846 571 1899 exponere
590 1830 665 1899 qued
678 1831 749 1884 utile
764 1836 821 1896 est,
844 1831 976 1900 quoniam
994 1829 1064 1883 mihi
1081 1829 1196 1899 quidem
1209 1827 1286 1881 dam-

112 1911 169 1946 num
186 1901 230 1948 est
246 1903 360 1963 tacere,
382 1897 464 1951 vobis
476 1914 543 1951 vero
558 1914 632 1951 noxe
648 1915 705 1951 non
718 1898 839 1952 credere.
874 1897 1015 1968 Equidem
1054 1913 1148 1951 essem
1167 1895 1286 1950 reddere

112 1962 227 2016 rationes
240 1963 368 2017 sutilium
381 1971 537 2018 vestrarum
550 1964 761 2034 quaestionum,
782 1966 806 2018 si
824 1965 949 2019 viderem
966 1983 1016 2020 vos
1030 1916 1064 2018 Xe
1077 1964 1141 2017 istis
1153 1962 1285 2017 veritatis

113 2029 197 2083 studio
208 2032 380 2100 percontari.
415 2032 521 2087 Verum
539 2050 653 2087 causam
672 2033 801 2088 diversae
814 2033 968 2087 creationis
981 2032 1082 2088 culicis
1095 2038 1125 2086 et
1138 2030 1286 2101 elephanti

111 2113 178 2218 nqnc
194 2099 276 2153 vobis
294 2100 404 2170 aperire
422 2100 654 2170 intempestivum
671 2107 762 2168 esset,
784 2101 833 2172 qui
848 2100 943 2155 Deum
961 2100 1085 2156 omnium
1100 2116 1192 2154 remim
1204 2099 1285 2170 igno·

85 2181 178 2218 ·reis.

170 2232 219 2287 XI.
255 2235 338 2288 Haec
359 2251 392 2288 eo
409 2234 523 2289 dicente
536 2235 580 2288 illi
598 2238 739 2290 communi
757 2254 899 2292 consensu
918 2236 1038 2290 multum
1055 2252 1089 2290 ac
1106 2235 1284 2306 petulantem

23 2305 24 2310 ’
110 2298 187 2353 risum
208 2303 365 2356 emiserimt
382 2303 419 2356 ad
438 2309 580 2373 stuporem
597 2321 631 2357 ac
648 2304 762 2358 consilii
779 2304 904 2374 inopiam
920 2305 1047 2358 nitentes
1069 2320 1133 2356 eum
1153 2302 1284 2381 redigere

113 2368 193 2422 veluti
209 2370 362 2425 barbarum
382 2371 523 2440 quendam
543 2388 577 2424 ac
598 2370 735 2424 insanum.
771 2372 850 2436 Quae
871 2389 935 2425 eum
953 2387 1007 2441 ege
1028 2370 1166 2435 intuerer,
1189 2385 1283 2422 animo

112 2437 184 2507 coepi
204 2438 381 2492 incalescere
398 2455 431 2491 ae
449 2438 512 2491 zelo
528 2437 626 2492 nescio
644 2455 700 2508 qua
715 2439 825 2492 ratione
844 2443 990 2508 correptus
1006 2444 1103 2491 tacere
1120 2453 1177 2490 non
1188 2435 1284 2554 qiotui,

112 2503 156 2556 sed
169 2521 229 2558 eum
242 2503 350 2558 fiducia
367 2505 439 2558 dixi:
458 2506 522 2559 Iure
539 2505 633 2571 Deus,
647 2505 738 2571 cisti,
755 2506 933 2559 voluntatem
951 2521 1030 2557 suam
1044 2504 1187 2623 incomqre
1210 2519 1284 2555 ensi·

24 2605 25 2610 ,
112 2569 190 2625 bilem
201 2573 286 2626 vobis
299 2572 370 2626 feeit
381 2572 516 2643 indignos
530 2591 581 2627 vos
593 2573 767 2643 praesciens,
781 2573 856 2626 sieut
868 2571 1130 2642 inpraesentiarum
1160 2575 1190 2623 at
1198 2570 1283 2638 plene

111 2635 266 2711 intelligere
279 2639 315 2692 iis
328 2639 377 2710 qui
388 2640 493 2694 mentis
505 2640 612 2695 iudicio
624 2646 748 2694 utuntur.
785 2638 1020 2709 Quandoquidem
1040 2639 1116 2692 enim
1132 2654 1208 2692 nune
1222 2637 1283 2691 eius

24 2707 26 2744 l
110 2706 259 2762 voluntatis
291 2725 426 2762 raeeones
438 2708 519 2760 missi
533 2715 611 2775 sunt,
626 2708 674 2778 qui
687 2725 744 2762 non
756 2713 817 2763 arte
830 2707 927 2777 aliqua
940 2711 970 2760 et
981 2706 1129 2760 verborum
1140 2704 1282 2760 rhetorico

112 2782 210 2842 ornatu,
224 2792 257 2829 se
291 2775 461 2855 simpliciter
468 2774 583 2857 'tantum
596 2783 632 2856 et·
638 2776 745 2857 absque
758 2775 920 2856 ealliditate
934 2774 1085 2854 eonsilium
1098 2774 1159 2830 eius
1170 2789 1281 2854 reprae-

111 2848 216 2898 sentant
228 2843 312 2908 adeo,
325 2848 358 2897 ut
372 2843 494 2924 quilibet
506 2861 554 2914 qui
566 2845 690 2898 audierit
701 2845 931 2964 intelligatguae
944 2843 1085 2910 dicuntur,
1099 2843 1208 2898 adestis
1221 2859 1281 2921 vos,

24 2943 25 2984 ,
110 2913 206 2966 utnon
224 2911 400 2982 intelligatis
413 2911 489 2981 quod
505 2911 587 2966 vebis
600 2912 730 2982 expedit,
746 2918 834 2982 utque
872 2928 955 2966 amno
972 2916 1068 2965 vestro
1079 2910 1197 2965 rideatis
1210 2927 1282 2963 veri·

24 3029 26 3040 ,
111 2981 204 3044 tatem,
218 2995 292 3049 quae
304 2978 379 3033 inter
389 2978 532 3033 Barbaros
550 2979 588 3033 ad
607 2985 730 3034 vestram
748 2979 1013 3034 condemnationem
1031 2985 1172 3044 versatur,
1185 2995 1281 3058 quam·

110 3059 159 3112 que
179 3047 215 3100 sd
234 3063 287 3100 vos
307 3047 508 3100 advenientem
528 3064 586 3100 non
606 3047 695 3100 vultis
716 3047 842 3118 hospitio
862 3047 990 3117 recipere
1010 3053 1126 3118 propter
1145 3045 1282 3100 libidines

109 3119 215 3168 vestras*
230 3119 262 3168 et
282 3114 430 3168 verborum
447 3115 526 3167 illius
547 3114 702 3183 vilitatem,
724 3133 761 3170 ne
783 3115 943 3186 arguamini
960 3115 1121 3169 inconsulto
1139 3112 1280 3192 philologi

111 3194 166 3234 esse
177 3187 317 3236 amatores
335 3199 508 3248 sermonum,
525 3200 583 3236 non
599 3189 695 3238 autem
710 3183 770 3237 veri
787 3183 952 3253 philosophi
973 3201 1004 3237 sa
1026 3182 1132 3236 ientiae
1150 3181 1279 3235 studiosi.

24 3251 25 3264 ¹
111 3245 253 3320 Quousque
265 3265 333 3330 ergo
346 3249 460 3304 discitis
473 3250 560 3320 loqui,
573 3251 621 3320 qui
641 3251 714 3306 bene
731 3251 809 3321 loqui
821 3249 962 3304 nescitis?
1023 3251 1084 3303 ulta
1100 3250 1176 3304 enim
1193 3248 1281 3302 verba

111 3329 174 3432 quae
191 3316 325 3386 profertis
345 3317 429 3370 unius
450 3316 530 3371 verbi
547 3319 639 3387 pretio
656 3337 713 3373 non
735 3324 800 3371 sunt
821 3317 1006 3372 aestimanda.
1042 3316 1118 3380 Quid
1135 3321 1229 3370 autem
1251 3321 1281 3367 et

128 3380 180 3436 icet
203 3383 316 3440 Graeca
338 3391 435 3439 vestra
459 3383 613 3440 multitudo
636 3384 778 3440 unanimis
804 3384 957 3453 aliquando
979 3383 1070 3448 faeta,
1093 3381 1118 3433 si
1142 3381 1279 3434 iudicium

109 3446 348 3518 meminerant
365 3453 422 3506 iste
439 3451 494 3506 ait:
516 3452 622 3522 Quare,
639 3456 731 3520 Deus,
749 3453 915 3505 voluntatem
936 3459 1012 3503 mam
1032 3467 1087 3502 aaa
1103 3449 1281 3518 praedicasti

114 3563 310 3576 ——....—....

111 3633 136 3704 5)
155 3636 298 3701 διαπὺζων
309 3645 338 3690 Δ.
350 3642 476 3692 Fortassis
489 3640 668 3702 διαπυτίζων.
712 3637 740 3709 6)
753 3635 937 3710 ἇπανοὺργως
949 3641 980 3690 al.
994 3656 1033 3706 ap.
1053 3640 1107 3690 Cot.
1128 3666 1162 3676 —
1182 3633 1210 3706 7)
1229 3631 1280 3689 οὖν

25 3745 26 3770 ,
112 3705 213 3759 Subinde
226 3707 315 3773 δῆθεν
326 3725 373 3759 om.
386 3712 415 3758 Β.
436 3707 506 3760 -6
536 3705 669 3774 ὁκώνωψ
711 3727 736 3776 p.
750 3705 900 3761 ὁντιναοῦν
912 3711 940 3759 Β.
960 3737 995 3745 -
1015 3704 1043 3776 8)
1061 3703 1093 3758 τὸ
1105 3709 1136 3771 1),
1152 3707 1218 3756 idem
1230 3707 1280 3756 luit

25 3775 26 3782 ’
112 3772 214 3843 0.-7)
223 3771 399 3856 βραχύτατον
409 3773 509 3827 0.—8
533 3775 589 3844 ἔχει
601 3778 670 3828 (1.-
711 3777 739 3826 in
750 3779 781 3826 Δ.
798 3802 833 3812 -
853 3774 881 3846 9)
899 3776 930 3828 ἐν
945 3773 1094 3846 βαρβάροις
1106 3777 1279 3826 notaremus-

111 3834 135 3906 9)
146 3836 231 3904 iidem
254 3861 288 3908 ην
299 3845 325 3894 Ο.
338 3871 373 3880 -
385 3841 428 3911 10)
443 3844 499 3897 τῶν
510 3846 669 3895 adiunximus
710 3846 800 3913 μένην
811 3845 872 3895 ordo
883 3861 952 3894 voce.
968 3847 996 3895 B.
1009 3872 1044 3880 —
1056 3839 1100 3911 10)
1112 3845 1211 3914 μέχρις
1222 3843 1279 3892 abs·

111 3921 136 3956 ei
146 3863 257 3972 senff,
269 3913 344 3961 Hem.
355 3913 377 3973 I,
387 3908 421 3960 10
430 3919 455 3962 et
463 3917 549 3962 nostre
557 3914 669 3994 Epit—
711 3928 759 3976 que
774 3913 829 3980 μέν
845 3929 896 3978 seq.
908 3914 938 3962 B.
954 3940 988 3948 —
1009 3907 1053 3979 11)
1066 3912 1139 3964 Verti
1156 3912 1211 3961 vult
1223 3911 1278 3960 Cle·

25 3979 26 3998 ¹
112 3971 139 4021 ll
161 3972 267 4045 ἡμῖνΒ,
280 3995 329 4028 om.
343 3975 667 4048 ὑμῖνΟ.-12)τονα(1-
710 3981 789 4030 ricus:
808 3983 925 4042 quidesse
942 3981 1197 4043 septemsortes,
1219 3977 1279 4039 quia

113 4039 156 4090 di'
183 4061 212 4094 us
232 4047 333 4108 exBD,
355 4051 455 4096 nostrae
471 4048 603 4115 Epitomes
621 4048 669 4098 Oo-
712 4047 773 4098 boni
784 4048 850 4098 nihil
862 4048 1007 4098 didicerant.
1020 4074 1055 4083 -
1074 4040 1119 4110 12)
1132 4039 1195 4113 παρ’
1210 4040 1279 4103 ὑμῖν

115 4107 162 4160 diee
175 4113 194 4162 0
207 4115 274 4163 etel.
288 4129 326 4179 ep.
341 4114 394 4164 (iot.
712 4117 742 4164 A.
767 4141 803 4150 -
825 4111 870 4182 13)
887 4111 940 4184 ἄρα
954 4131 1002 4164 oni.
1021 4115 1047 4164 C.
1069 4139 1104 4148 -
1128 4105 1171 4178 14)
1194 4111 1236 4160 Sic
1256 4125 1278 4160 c.

158 4179 216 4246 (lep.
226 4181 272 4230 XI.
309 4176 335 4248 1)
354 4180 484 4251 ἐμβαλεῖν
496 4182 523 4232 (1.
535 4209 570 4218 -
586 4177 613 4249 2)
628 4183 670 4233 Sic
712 4183 829 4244 ABGD,
849 4184 910 4232 Mss.
924 4181 1053 4242 cotelerii,
1069 4179 1144 4229 Hom.
1162 4179 1183 4241 Ι,
1203 4175 1235 4227 11
1254 4183 1280 4228 et

113 4244 195 4311 scripsi
214 4263 234 4298 e.
252 4251 274 4297 B
290 4265 314 4314 p.
337 4247 575 4331 διαθεςμαίνομαι
595 4249 669 4300 Ace
713 4255 799 4299 nostra
811 4250 890 4315 Epit,
904 4248 946 4298 ubi
957 4253 1040 4296 tamen
1052 4241 1120 4314 ὑμῖν
1132 4251 1170 4296 est
1179 4247 1206 4297 in
1217 4248 1237 4297 0
1250 4251 1279 4298 ut

113 4311 174 4374 vulg.
189 4341 222 4350 -
237 4309 266 4395 3)
285 4315 368 4368 ἔθετο
380 4319 514 4382 flavinius
525 4317 586 4367 ordo
602 4331 670 4366 voco.
713 4331 752 4382 ap.
766 4318 852 4378 Tum,
865 4316 919 4366 Cot.
931 4319 956 4364 et
971 4313 1035 4363 Oler.
1053 4309 1278 4382 -15)ἀξιωθὴ-

113 4379 139 4428 Δ.
150 4406 182 4416 -
192 4377 219 4449 4)
232 4399 283 4434 νυν
291 4401 339 4434 om.
351 4385 378 4435 O.
386 4411 422 4420 —
434 4379 461 4451 5)
474 4384 588 4454 ῥητορία
599 4386 628 4434 Β.
636 4410 671 4420 -
714 4389 800 4434 deddc
812 4386 845 4443 B;
866 4387 946 4432 tetum
957 4381 1093 4431 membrum
1112 4385 1191 4454 εἴπερ
1204 4379 1280 4442 τινὸς
