3126 4894
246 291 307 356 196
714 307 942 359 44444441441444

245 458 322 568 καὶὸ
343 460 487 540 Πέτρος’
472 473 535 541 εφη·
559 459 657 523 ούκούν
675 459 745 566 5555
764 461 904 533 πέπεισαι,
923 457 968 521 ὅτι
987 459 1019 564 55
1040 457 1202 540 συνέστηκεν
1223 459 1260 523 τὰ
1275 461 1352 564 4545
1367 461 1420 542 454

244 547 361 628 γε’νεσιν,’
383 541 429 608 καὶ
445 541 461 607 5
477 543 570 625 πατὴρ
586 543 768 624 ἀποκριναπο
774 542 890 649 ἀνάγκη
905 568 939 623 με
953 542 1049 648 πάντα
1063 543 1100 607 τά
1114 541 1303 670 5440454'54445
1317 569 1365 626 μοι
1379 547 1421 616 είς

244 630 293 692 τὸν
314 633 379 692 νοῦν
401 628 575 692 ε’κτίθεσθαί
589 653 645 703 σοι,
668 626 714 690 ἶνα
733 629 802 707 πρὸς
823 627 895 690 αὐτὰ
919 627 1028 728 ηἰκούων
1048 627 1241 707 μανθάνειν”
1223 655 1287 712 εγω.
1289 630 1418 692 2πολ.λά

244 714 352 776 πταίειν
367 713 431 814 4555
445 711 509 782 τοὺς
524 679 718 793 ἀστρολάγους,
733 711 824 776 πολλὰ
840 707 869 773 55
883 737 931 772 και
922 707 1097 815 ἀληθεύειν.
1113 709 1180 774 καὶ3
1195 709 1342 774 ὑποπτεύω
1357 712 1418 787 οὖν,

244 796 380 878 μύπως
363 823 382 859 α
397 792 445 902 μέν
460 796 645 900 ἀκριβούσιν,
654 795 837 874 ἀληθεύωσι,Ι
856 792 876 856 5
896 791 925 857 55
943 795 1102 868 πταίουσιν,
1119 796 1238 876 ἀμαθίᾳ
1252 796 1419 876 πάσχουσιν,

245 879 283 951 4‘44
296 879 423 945 ὑπονοεῖν
437 903 480 960 με,
496 881 528 942 τὸ
541 877 590 960 μὶν
604 879 730 982 μάθημα
744 877 918 952 συνεστάναι,
933 877 998 950 τοὺς
1013 875 1043 942 55
1057 879 1090 941 δι’
1107 880 1241 984 ἀμαθίαν
1255 879 1420 986 ψεύδεσθαι

245 965 291 1028 διὰ
313 964 401 1045 τὸμὴ
421 962 535 1034 πάντως
555 960 616 1043 περὶ
636 962 750 1068 πάητων
770 963 898 1045 ἀκριβοῦν
913 961 1064 1026 δύνασθαι.
1087 959 1133 1025 καὶ
1148 961 1164 1026 5
1181 963 1324 1066 1145544'
1305 965 1420 1066 54444455·

244 1064 326 1110 νατο
350 1047 449 1128 ἄπεχε,
463 1046 500 1128 μή
514 1070 577 1118 πως
572 1043 652 1147 περὶ
667 1040 706 1108 ὧν
722 1046 955 1152 555545544444'
940 1045 1182 1153 επιτυγχάνουσιν,
1201 1043 1247 1108 καὶ
1262 1043 1322 1150 5555
1338 1047 1420 1126 α’κρο

244 1135 356 1235 βοῦητες
373 1133 502 1236 λέγουσιν
524 1127 631 1211 ἀνάγκη
651 1130 727 1238 γὰρ
718 1135 805 1193 πάσα
825 1133 855 1193 ἐκ
873 1132 984 1233 πηλλῶγ
1007 1134 1063 1193 των
1082 1132 1233 1212 λεγομένων
1253 1131 1420 1236 ἀποβαίνειν

245 1214 315 1278 τινά.
337 1211 384 1278 καὶ
402 1213 418 1278 ὁ
433 1215 519 1320 γέρων
533 1215 601 1318 ἔφη·
623 1219 683 1284 πως
697 1212 745 1278 ούν
760 1217 833 1278 ἐστιν
847 1209 910 1295 περὶ
925 1213 1025 1277 τούτου
1039 1215 1340 1297 πληροφορηθῇναι,
1312 1239 1345 1276 το
1362 1211 1420 1277 είτε

244 1301 406 1380 συνέστηκεν
421 1297 454 1361 τὸ
472 1297 546 1362 κατὰ
561 1297 610 1380 454
624 1295 755 1379 γε’νεσιν“
740 1324 756 1378 η
772 1295 820 1372 05,-

331 1408 445 1468 CXXI.
486 1401 712 1510 Ἀμφρτερων
683 1431 731 1469 ουν
752 1404 921 1509 σιωπώντων
925 1406 1008 1510 έψηη
1030 1405 1096 1488 ε’γιύ
1123 1406 1214 1487 ἐπειδὴ
1237 1405 1271 1468 τὸ
1291 1405 1420 1512 μάθημα

243 1492 399 1596 ἀκριβως’
384 1492 546 1572 επίσταμαι,
567 1488 583 1597 5
602 1489 633 1594 55
651 1490 741 1589 κύριος
760 1487 807 1596 καὶ
826 1488 842 1552 5
845 1490 955 1596 πατὴρ
974 1491 1024 1570 055
1043 1489 1143 1561 ούτως,
1162 1490 1275 1594 ηθελον
1287 1492 1314 1551 44'
1329 1490 1419 1598 55454
1442 1511 1448 1520 ·

243 1574 409 1680 Ἀννουβάοη
431 1571 610 1655 444514’442
632 1577 681 1638 τοῦ
699 1573 811 1678 πατρὸς
837 1573 1006 1656 ἐποιησάμην
1027 1572 1131 1678 λύγην.
1145 1573 1218 1637 ούτω
1245 1572 1298 1655 γάρ
1322 1573 1359 1636 54
1382 1575 1419 1636 45

244 1663 361 1764 πρᾶγμα
380 1659 419 1730 είς
437 1657 577 1762 ψογερὸν
579 1661 674 1721 ἐλθεῖν
693 1657 824 1762 55544440,
847 1659 969 1738 τεχνίτου
987 1658 1057 1737 πρὸς
1079 1656 1228 1762 ὁμότεχνον
1241 1658 1291 1738 τὴν
1306 1656 1419 1738 ζητησιν

245 1742 417 1844 ἐσχηκότος.
414 1739 461 1844 4455
476 1739 493 1804 5
508 1741 602 1844 πατὴρ
610 1741 799 1848 54444454'44444'
816 1746 872 1805 πού
886 1741 935 1806 ούν
947 1741 1093 1805 δυνατόν’
1079 1765 1152 1805 εστιν
1165 1742 1419 1823 Ἀννουβιωνισυν·

243 1837 369 1932 44544‘45
370 1822 451 1888 444454
435 1823 622 1930 ὁΙΙέτρος”
606 1839 671 1906 εφη
695 1824 724 1886 έν
741 1825 947 1908 Ἀντιογεια,’
931 1835 988 1928 4544*
1004 1825 1058 1927 5545
1076 1824 1219 1931 μανθάνω
1234 1826 1394 1906 Σίμωνα
1367 1851 1420 1889 τον

243 1909 332 1990 μάγον
351 1909 437 1984 ὄντα,
460 1935 482 2013 ην
470 1903 667 2012 Ἀννουβάιιη
686 1907 879 2013 παρεπόμενος
899 1909 1052 1989 ἀχάριστός
1071 1911 1152 1972 ἐστιν.
1176 1907 1215 1980 ως
1237 1909 1273 1972 54
1293 1908 1341 1974 054
1362 1912 1424 1972 ἐκεῖ

243 1991 452 2094 έγενάμεθα,’
437 1992 485 2056 εάν
504 2018 533 2074 γε
552 1991 755 2099 καταλάβωμεν
775 1992 888 2065 αὐτούς,
909 1991 925 2076 5
946 1993 1053 2074 ζητησις
1072 1995 1205 2090 γενέσθαι
1220 1991 1347 2056 δύναται.
1368 1991 1419 2094 καί

243 2075 321 2157 ὁμῶς
335 2077 426 2140 πολλά
441 2078 633 2156 διαλεχθέντες
648 2071 750 2139 4552'
734 2073 779 2140 4445
799 2081 840 2156 τῷ
859 2077 1060 2180 5455444544545
1073 2081 1167 2158 χαράς
1181 2079 1354 2157 πλησθέντες
1369 2074 1420 2140 καὶ

243 2165 306 2240 θεῷ
320 2159 567 2241 εὐχαριστήσαντες
582 2161 702 2242 ἑσπέρας
716 2161 1017 2295 ἐπικαταλαβούσης
989 2176 1028 2232 εις
1041 2159 1128 2223 ύπνον
1143 2161 1307 2241 έτράπημεν.

329 2277 460 2338 CXXII
492 2277 639 2358 Ὀρθρου1
658 2273 687 2340 55
702 2275 875 2384 5440544'44445
894 2279 989 2360 πατὴρ
1007 2278 1080 2358 μετὰ
1095 2282 1145 2358 τῆς
1158 2277 1261 2357 μητρὸς
1274 2275 1353 2384 ἡμιύη
1369 2275 1419 2342 καὶ

242 2365 298 2426 τῶν
318 2367 400 2441 τριῶν
425 2363 490 2426 υίιύν
510 2361 646 2425 είσελθών
668 2360 776 2425 ε’νθαὸ
798 2361 944 2442 Πέτρος
929 2391 974 2445 ην,
1004 2362 1232 2462 προσαγορεύσας
1256 2364 1419 2443 ἐκαθέσθη,

244 2447 340 2510 ἔπειτα
361 2442 409 2509 καλ
428 2445 504 2528 ἡμεῖς
523 2445 609 2550 αὐτού
628 2445 815 2516 κελεύσαντος.
835 2444 882 2509 καὶ
905 2445 921 2510 5
941 2449 1053 2548 Πέτρος
1071 2471 1110 2524 τῳ
1130 2472 1215 2550 πατρι
1207 2443 1420 2551 προσβλέψας

243 2531 306 2611 555·
327 2529 472 2594 σπεύδω
460 2529 606 2637 ημύψρονά
626 2556 658 2593 σε
677 2532 823 2635 γενέσθαι
832 2527 935 2612 γυναικὶ
955 2526 1001 2592 καὶ
1022 2532 1137 2605 τέκνοις,
1157 2529 1235 2600 ὅπως
1254 2530 1349 2602 αὐτοῖς
1369 2527 1419 2593 καὶ

242 2617 372 2677 ἐνταῦθα
387 2612 576 2695 ὁμοδίαιτος
559 2643 602 2695 54,
617 2615 701 2678 κάκεῖ
709 2614 783 2718 μετὰ1
795 2611 844 2676 τὸν
857 2639 996 2694 χωρισμον
1012 2640 1061 2716 454
1078 2618 1170 2694 ψυχης
1185 2613 1252 2675 ἀπὸ·
1260 2619 1308 2716 τού
1324 2613 1419 2694 σώμα-

242 2721 291 2768 τος
305 2697 426 2761 σοι’ύντα
446 2699 553 2761 ἄλυπον
572 2696 732 2799 ε’σεσθαι.’ἱ
717 2725 733 2778 η
753 2706 806 2800 γάρ
821 2699 853 2760 ού
869 2700 906 2762 τὰ
924 2697 1040 2779 μέγιστά
1058 2721 1090 2760 σε
1109 2704 1192 2760 λυπει
1203 2694 1249 2760 καὶ
1267 2698 1369 2803 αύτούς
1383 2699 1420 2761 45

242 2780 427 2862 μὴάλληλοις
445 2807 579 2854 συνέιναι,’
608 2777 653 2844 καί
673 2780 689 2844 5
709 2782 816 2861 πατέρ·
837 2779 884 2845 καὶ
904 2782 978 2887 πάνυ
999 2808 1038 2883 γε.
1067 2778 1149 2844 444450
1139 2779 1293 2883 Ῑίε”·τρος
1320 2783 1346 2845 εί
1367 2781 1420 2846 ούν

243 2865 372 2926 ἐνταῦθα
391 2865 424 2926 τὸ
444 2865 569 2945 άλλη-λων
583 2867 754 2965 κεχωρίσθαι
768 2871 859 2939 λυπει,
874 2867 946 2946 μετὰ
963 2865 1093 2928 θάνατον
1107 2861 1222 2936 πάντως
1231 2865 1420 2970 βουλόμενον

244 2945 305 3025 ύμῖν
319 2971 371 3024 μετ
372 2946 521 3050 ’ἀλλήλων
535 2975 573 3028 μη
560 2947 718 3020 ελναι,’
681 2972 760 3024 ποσῳ
773 2973 803 3028 γε
812 2954 919 3045 μάλλον
933 2951 983 3012 ού2
997 2948 1152 3030 λυπήσει
1122 2974 1154 3012 σε
1163 2948 1213 3052 μέγ
1224 2947 1315 3029 ἄνδρα
1326 2952 1419 3030 σοφὸν

242 3028 312 3088 ὄντα
327 3033 366 3105 τῴ
382 3035 429 3109 454
444 3030 551 3126 γνώμης
565 3055 615 3092 σου
633 3029 705 3110 λόγῳ
720 3035 775 3092 των
790 3036 848 3095 σων
863 3035 1049 3113 κεχωρίσθαι,
1065 3033 1166 3104 αύτούς
1181 3032 1210 3095 55
1224 3035 1296 3097 πολύ
1310 3038 1420 3141 μηὶλλον

242 3058 413 3174 ὀδυνᾶσθαι
422 3117 461 3190 τῴ
481 3112 632 3186 4454‘4444‚‘'
615 3137 658 3176 οτι
678 3139 709 3178 σε
729 3113 802 3178 ἄλλα
821 3121 978 3198 ψρονούντα
994 3117 1104 3189 αἰώνιος
1117 3119 1190 3198 μένει
1203 3118 1344 3189 κόλασις’
1331 3121 1420 3202 ρητοῦ

244 3193 415 3276 δόγματος
399 3197 557 3278 αποψάσεις

329 3303 476 3366 CXXIII
514 3303 605 3370 Καὶὸ
622 3307 715 3410 πατὴρ
729 3309 801 3432 5455·2
813 3309 873 3372 ἀλλ
889 3308 939 3372 οὐκ
954 3310 1039 3383 ἔστιν,
1054 3337 1077 3372 ω
1062 3308 1287 3414 '54744444144
1302 3313 1331 3374 ἐν
1347 3309 1421 3375 αδου

242 3387 338 3492 ψηχὰς
352 3391 537 3463 κολάζεσθαι,
561 3391 646 3496 55454
661 3389 723 3472 άμα
742 3397 801 3470 τῴ2
823 3393 981 3496 ηίποστηναι
1001 3398 1050 3456 τού
1070 3419 1201 3498 σωματος
1215 3396 1255 3466 είς
1271 3393 1363 3519 ηἰέρα
1357 3402 1420 3458 λυο

242 3473 331 3552 μένης.
346 3469 393 3535 καὶ
408 3472 424 3535 5
439 3476 581 3572 114'45444'
564 3489 627 3578 455
643 3476 737 3578 μέχρις
754 3476 803 3539 οὖν
819 3477 867 3538 ὅτε
885 3475 947 3558 περὶ
962 3478 1062 3540 τούτου
1076 3479 1213 3558 πείσωμέν
1228 3481 1285 3552 σε,3
1303 3479 1419 3586 54454454-

241 3557 292 3618 ναί
301 3570 359 3635 μοι
375 3582 407 3618 ου
400 3557 531 3620 ’δοκεῖ
509 3583 561 3632 σοι,
576 3558 607 3621 45
617 3558 667 3638 μὲν
679 3561 852 3624 ἀπιστοῦντα
862 3559 912 3643 454
907 3561 1056 3624 κόλασινΙ
1071 3589 1107 3663 μη
1096 3562 1314 3636 λυπεῖσθαι,’
1298 3565 1421 3635 εκείνους

242 3635 271 3702 55
285 3643 479 3740 πεπεισμένους
495 3641 617 3744 ἀνάγκην
632 3643 700 3722 ἔχειν
715 3640 776 3724 περὶ
791 3669 843 3747 σοη
858 3591 1016 3719 άύιιὶσθαις
1032 3643 1107 3708 καὶὸ
1123 3645 1228 3725 πατήρ·
1247 3647 1421 3720 ἀκολούθως

241 3725 333 3801 λε’γκεις
354 3720 401 3785 καὶ
422 3721 437 3787 5
458 3726 579 3803 Πέτρος·
599 3726 645 3788 διὰ
665 3752 691 3789 τι
689 3726 740 3828 '55
760 3727 861 3798 αύτούς
875 3729 924 3791 ούκ
944 3694 1117 3804 ἀπαλλάξεις
1135 3732 1264 3811 μεγίστης
1282 3727 1346 3810 περὶ
1366 3739 1420 3795 σού

240 3804 376 3884 λύπης
342 3831 375 3884 τη
391 3808 479 3868 πίστει
495 3810 675 3913 συνθεμενος,
699 3837 731 3872 ου
722 3811 874 3911 ’δησωπίη
888 3813 970 3894 λέγω,
987 3813 1078 3876 ἀλλέ
1064 3813 1265 3895 εύγνωμοσύιη,
1281 3811 1344 3894 περὶ
1360 3821 1421 3880 τών

240 3843 390 3990 λεγοβιείων
405 3913 447 3950 σοι
462 3888 506 3951 ὑπ’
524 3895 590 3990 ἐμοῦ
605 3893 715 3956 ἀκούων
729 3891 776 3956 καὶ
787 3897 894 3972 κρίνων,
911 3894 981 3975 [ει]5
995 3902 1087 3960 ταντα
1097 3897 1187 3968 οὕτως
1199 3899 1260 3978 ἔχει,
1277 3899 1355 3980 5054·
1371 3899 1420 3964 καὶ

241 3970 267 4032 εί
278 3965 326 4049 μέν
341 3970 429 4040 οὕτως
445 3973 511 4050 ἔχει,
531 3973 571 4043 454·
584 3978 707 4074 λέγομεν,
728 4005 774 4039 και
766 3974 844 4056 ᾦδε
857 3980 1079 4051 συιαπολαύσεις
1093 4007 1153 4052 τοις
1160 3983 1372 4084 54545544444'
1337 3996 1425 4048 κακεῖ

217 4055 450 4154 ,συναναπαύση
470 4082 491 4118 ει
490 4056 567 4120 55'
552 4084 579 4120 εν
595 4085 625 4136 τη
642 4064 696 4121 των
712 4062 821 4164 λόγων6
839 4065 936 4142 σκέψει
952 4065 1049 4137 δείξεις
1068 4067 1106 4127 τὰ
1121 4091 1160 4146 4¹5
1185 4064 1262 4147 ἡμων
1276 4069 1422 4193 λεγόμενα

240 4135 334 4210 μῦθόν
348 4161 409 4198 τινα
424 4136 488 4200 καὶ7
507 4143 636 4220 ιιευδη
611 4166 693 4216 ειναι,
715 4142 761 4205 καὶ
776 4146 865 4216 οὕτως
879 4153 972 4218 καλῶς
986 4148 1124 4228 ποιήσεις,
1141 4150 1244 4221 αύτούς
1259 4151 1334 4254 555⁸
1353 4152 1422 4257 ὁμο

241 4215 384 4296 γνάμονάς
403 4221 471 4282 σου9
491 4224 625 4322 ειληφως,
650 4223 696 4289 4445
715 4252 764 4290 του
783 4240 874 4303 κεναῖς
893 4233 998 4294 ελπίσιν
1017 4233 1213 4313 ἐπερειδεσθαι
1231 4235 1351 4308 παύσεις
1372 4235 1423 4302 καλ

241 4303 353 4376 ψευδῶν
367 4303 462 4380 φόβων
478 4305 657 4381 ἀπαλλάξεις.
