3126 4894
597 269 751 319 nrrrous
768 268 911 320 manas.
1278 257 1338 322 135

160 419 257 474 laetus
271 418 366 488 cupio,
379 415 435 470 nisi
449 415 524 485 quod
535 415 614 486 prius
626 417 690 470 volo
703 415 806 470 certior
820 417 854 470 dc
867 415 988 471 veritate
1000 416 1076 485 fieri,
1095 423 1127 472 ut
1144 418 1232 473 sciam
1244 426 1336 476 utrum

159 487 258 540 anima
271 485 400 539 mortalis
413 485 452 536 sit
464 501 500 537 an
513 483 692 552 immortalis,
711 490 740 537 et
753 483 777 536 si
791 484 962 553 sempiterna
975 484 1028 550 sit,
1041 503 1078 538 an
1090 484 1126 539 ob
1140 503 1188 552 ea,
1206 504 1277 556 quae
1289 489 1337 544 hic

161 555 268 626 gessit,
282 551 404 606 iudicari
418 551 536 618 debeat,
549 551 649 605 itidem
662 569 697 605 an
708 551 817 620 aliquid
827 551 865 604 sit
875 551 980 604 iustum
992 553 1038 606 vel
1047 551 1111 607 Deo
1122 560 1246 625 gratum,
1258 573 1336 624 prae·

160 631 243 675 terea
255 621 389 674 factusne
404 619 442 672 sit
453 619 588 686 muudus,
604 624 633 672 et
645 636 731 688 quare
743 619 851 686 factus3
868 626 897 672 et
913 627 1005 673 utrum
1024 638 1080 674 uon
1097 621 1283 688 dissolvetur,
1300 640 1337 677 an

161 689 354 755 dissolvetur,
376 693 405 740 et
422 705 459 741 an
476 687 576 740 melior
587 686 711 754 futinus,
728 705 764 740 an
778 703 830 740 nec
843 687 954 740 futurus
971 687 1099 757 omnino;
1119 707 1153 744 ae
1165 707 1201 742 ne
1223 689 1337 761 singula

181 773 333 826 resequar,
355 754 427 809 haec
448 761 534 824 atque
554 754 758 824 consequentia
774 771 946 824 cognoscere
963 756 1073 809 vellem.
1109 756 1165 812 Sed
1181 757 1282 811 Petrus
1299 758 1337 812 ad

159 776 236 877 hace
248 822 413 892 respondit:
432 823 564 877 Breviter
578 822 646 890 tibi,
664 841 680 876 o
699 821 847 889 Clemens,
865 839 956 876 rerum
970 823 1118 878 scientiam
1136 824 1291 894 exhibebo,
1307 833 1337 879 et

162 893 221 945 iam
235 908 312 944 nunc
326 891 401 944 audi.

234 959 330 1012 XVII.
366 958 423 1012 Dei
436 957 568 1011 voluntas
580 957 742 1010 hominibus
755 957 791 1010 ob
803 957 907 1010 multas
919 957 1045 1012 rationes
1058 960 1171 1014 occulta
1183 960 1246 1014 fuit.
1276 960 1335 1014 Pri-

161 1045 240 1080 mum
254 1026 379 1096 quidem,
392 1026 467 1146 quod
480 1023 711 1094 gubernabantur
721 1042 808 1094 prava
821 1024 1013 1092 institutione,
1027 1029 1231 1082 consuetudine
1243 1029 1335 1099 perui·

161 1096 258 1160 ciosa,
277 1095 352 1147 malo
372 1111 405 1146 co
419 1093 530 1162 loqui0‚
548 1110 604 1146 non
620 1099 700 1146 reeta
716 1093 879 1162 opinionum
900 1093 1119 1164 anticipatione,
1140 1102 1170 1150 et
1188 1102 1337 1167 eapropter

162 1179 255 1228 error,
274 1162 378 1215 deinde
396 1161 557 1226 temeritas,
580 1161 779 1228 incredulitas,
796 1159 962 1228 fornicatio,
980 1162 1115 1228 avaritia,
1129 1163 1222 1217 inanis
1235 1165 1334 1234 gloria,

161 1230 281 1298 aliaque
295 1229 401 1282 similia
414 1228 560 1282 innumera
571 1228 654 1294 mala,
666 1229 745 1281 velut
758 1229 860 1298 ingens
872 1229 965 1282 fumus
976 1246 1061 1282 unam
1074 1230 1184 1283 domurn
1202 1231 1335 1284 mundum

162 1297 324 1350 incolentia
335 1297 411 1349 intus
423 1295 614 1349 habitantium
626 1295 769 1348 homiuum
781 1299 872 1349 visum
885 1297 1068 1363 offuscanmt,
1081 1315 1134 1350 nee
1146 1298 1336 1377 permiserunt

160 1364 385 1434 aspicientibus,
397 1363 495 1416 mundi
508 1369 662 1417 creatorem
674 1361 766 1417 Deum
780 1364 874 1416 intelli
899 1381 945 1418 ers
957 1381 992 1417 ex
1004 1364 1054 1430 iis,
1072 1363 1101 1416 in
1115 1365 1217 1434 qurbus
1230 1366 1291 1435 ipse
1305 1383 1335 1420 se

161 1431 273 1502 pinxit,
290 1448 382 1500 neque
395 1447 581 1502 cognoscere,
601 1431 676 1500 quod
688 1431 713 1484 ei
727 1432 829 1500 placet.
892 1449 927 1484 uo
941 1431 1017 1485 circa
1029 1437 1148 1500 oportet,
1163 1439 1194 1486 ut
1204 1433 1335 1486 veritatis

162 1499 288 1553 studiosi
306 1499 382 1552 intus
400 1517 434 1552 cx
450 1505 565 1569 pectore
584 1499 739 1552 clamantes
756 1498 891 1552 auxilium
903 1503 1004 1568 petant
1020 1516 1084 1552 cum
1097 1505 1192 1554 mente
1204 1501 1335 1554 veritatis

162 1567 291 1620 studium
310 1567 460 1621 adamante
478 1585 495 1620 a
513 1567 573 1620 solo
590 1567 664 1620 boue
677 1565 814 1634 Domino,
832 1564 896 1620 Deo
912 1571 1006 1619 autem
1024 1584 1058 1620 ac
1075 1566 1221 1622 Salvatore
1237 1574 1334 1621 nostro

161 1635 232 1688 lesu
245 1634 374 1700 Christo,
396 1653 451 1704 quo
468 1634 572 1704 aliquis
590 1634 665 1687 intra
682 1635 792 1688 domum
810 1634 887 1687 fumo
903 1635 1017 1704 plenam
1030 1634 1190 1689 consistens
1202 1635 1335 1707 progredi

161 1703 297 1772 foresque
314 1702 422 1771 aperire
439 1703 545 1771 possit,
566 1703 710 1765 utlumen
727 1702 809 1768 solis,
827 1703 903 1782 quod
921 1707 1001 1756 extra
1012 1708 1070 1769 est,
1088 1702 1294 1757 intromittatur
1305 1703 1335 1755 in

162 1771 290 1836 domurn,
304 1770 380 1840 iguis
392 1787 458 1822 vero
472 1769 575 1836 furnus,
608 1770 637 1822 ui
650 1769 723 1823 intro
737 1776 794 1836 est,
808 1769 946 1824 eliciatur.
981 1769 1022 1824 Ut
1038 1769 1181 1839 homiues,
1199 1788 1262 1824 eum
1273 1787 1334 1840 per-

164 1838 322 1916 spexerint,
336 1837 453 1890 credant
465 1837 495 1890 in
506 1855 593 1890 unum
635 1854 697 1890 eum
707 1842 816 1906 patrem
830 1838 903 1891 omni
926 1843 1061 1904 otentem,
1076 1839 1144 1892 etin
1155 1839 1335 1910 unigenitum

164 1921 228 1958 erus
242 1904 333 1957 filium
351 1921 384 1956 cx
403 1921 436 1958 eo
453 1911 519 1962 ante
538 1906 635 1958 secula
656 1905 836 1958 inenarrabili
853 1857 936 1960 modb
949 1906 1091 1977 genitum,
1113 1913 1142 1959 et
1159 1907 1188 1960 in
1205 1906 1334 1976 spiritum

164 1972 378 2026 sanctissimum
390 1990 424 2025 ex
437 1973 535 2026 eodem
546 1971 689 2026 ineffabili
698 1971 807 2026 ratione
821 1973 1032 2043 procedentem,
1045 1980 1131 2043 atque
1145 1992 1231 2028 uuum
1239 1973 1334 2027 Deum

163 2045 343 2111 cognoscant
355 2040 386 2092 in
397 2039 488 2093 tribus
500 2040 642 2109 personis,
659 2039 800 2110 principio
817 2046 973 2106 carentem,
987 2039 1052 2094 finis
1066 2059 1099 2096 ex
1109 2063 1110 2066 ¹
1121 2049 1223 2108 ertem,
1244 2048 1334 2096 aeter-

162 2127 241 2173 num,
254 2113 431 2178 perpetuum,
444 2108 610 2174 increatum,
623 2107 840 2175 immutabilem,
854 2108 1005 2163 variationi
1017 2127 1072 2164 non
1086 2061 1250 2177 obnoxium,
1269 2110 1333 2162 sim-

161 2177 284 2246 plicem,
302 2193 359 2229 non
376 2176 576 2244 compositum,
595 2175 804 2245 incorporeum,
822 2177 1008 2244 invisibilem,
1021 2195 1078 2231 non
1089 2182 1207 2243 tactum,
1220 2177 1269 2247 qui
1281 2195 1334 2232 nee

163 2243 371 2310 circumscribi,
383 2260 436 2296 nec
451 2243 649 2313 comprehendi
661 2249 766 2314 potest,
780 2262 862 2313 quem
874 2245 989 2314 assequi
998 2263 1053 2298 non
1066 2245 1144 2312 licet,
1158 2245 1333 2312 immensum,

162 2310 391 2382 intelligibilem,
404 2310 521 2376 bonum,
534 2311 653 2378 iustum,
667 2313 903 2380 omnipotentem,
917 2317 1106 2366 creaturarum
1119 2312 1242 2365 omnium
1254 2312 1334 2392 opifi-

161 2397 236 2445 cem,
249 2379 374 2432 omnium
387 2378 603 2445 dominatorem,
617 2379 805 2448 inspectorem
820 2385 997 2444 cunctorum,
1034 2380 1188 2432 rovisorem
1201 2397 1333 2444 omniurn,

164 2447 311 2500 (lominum
323 2463 357 2500 ae
370 2446 502 2512 iudicem,
515 2463 549 2500 ac
562 2445 603 2500 ita
615 2464 689 2515 aqua
704 2453 733 2499 et
746 2446 847 2514 spiritu
858 2445 961 2512 renati,
975 2463 1008 2499 co
1029 2445 1146 2500 aeredes
1159 2447 1334 2502 constituan-

161 2522 209 2568 tur
222 2513 345 2568 filiorum
357 2513 415 2567 Dei
426 2521 586 2566 renatorum
598 2515 633 2568 ad
647 2515 758 2566 incorru
779 2513 892 2566 tionem.

234 2581 343 2636 XVIII.
371 2582 434 2645 Qua
445 2599 494 2650 pro
516 2586 560 2635 ter
571 2587 638 2635 ante
649 2531 806 2650 quamlibet
817 2579 1046 2650 disquisitionem
1058 2585 1186 2699 prompte
1198 2586 1332 2650 tanquam

161 2649 242 2704 filius
254 2649 292 2702 ad
303 2654 413 2720 patrem
425 2599 544 2716 accede,
560 2657 593 2702 ut
610 2667 673 2702 cum
690 2647 847 2701 visibilium
863 2652 923 2700 tum
941 2647 1058 2701 invisibi
1071 2647 1128 2700 ium
1142 2648 1334 2719 cognitionem

162 2735 231 2772 vere
245 2716 300 2770 tibi
312 2717 449 2786 praebeat
460 2716 549 2770 Deus.
580 2715 630 2770 Sin
642 2717 729 2771 etiam
741 2721 807 2785 post
819 2715 997 2773 vocationem
1010 2731 1066 2768 non
1079 2714 1123 2768 vis
1135 2723 1185 2769 aut
1196 2714 1333 2781 haesitas,

162 2787 241 2840 iusto
253 2784 311 2838 Dei
324 2784 430 2838 iudicio
444 2783 578 2838 exhaeres
592 2783 661 2852 eris,
680 2802 697 2838 a
714 2782 778 2837 Deo
796 2782 926 2836 nimirum
943 2782 1124 2853 repudiatus,
1142 2783 1209 2852 quia
1225 2789 1258 2836 tu
1270 2799 1334 2836 eum

162 2851 292 2907 noluisti.
327 2853 388 2907 Nec
400 2869 466 2905 vero
477 2857 571 2930 putes,
584 2851 695 2904 etiamsi
708 2851 852 2918 omnibus,
864 2851 912 2922 qui
927 2869 1050 2922 unquam
1062 2849 1189 2917 fuerunt,
1227 2850 1263 2904 iis
1274 2849 1333 2921 pie-

162 2929 225 2975 tate
241 2926 385 2990 praestes,
403 2919 568 2988 baptrzatus
585 2924 679 2972 autem
699 2937 755 2973 nou
772 2919 872 2986 fueris,
890 2925 918 2973 tc
933 2936 1011 2989 spem
1030 2917 1150 2992 [salutis]
1163 2869 1333 2972 habiturum.

162 2991 208 3042 Eo
227 2988 303 3041 enim
323 2987 443 3042 maiores
463 3003 570 3056 poenas
588 2985 683 3053 dabis,
701 2988 776 3056 quod
793 2988 875 3041 bonis
893 2987 1024 3057 operibus
1042 3004 1099 3040 uon
1116 2991 1194 3040 recte
1210 3004 1279 3040 usus
1295 3002 1334 3040 es.

163 3058 239 3110 Nam
250 3055 356 3108 bonum
369 3060 427 3121 est,
445 3054 520 3124 quod
555 3054 682 3108 raeclare
695 3055 803 3126 agitur,
817 3055 842 3108 si
854 3055 900 3121 fit,
918 3053 1057 3124 quomodo
1070 3055 1149 3108 Deus
1162 3055 1191 3107 id
1204 3053 1265 3109 fieri
1277 3053 1334 3107 ius-

165 3123 244 3178 serit.
280 3122 326 3176 Tu
337 3123 454 3188 verosi,
471 3122 515 3174 uti
532 3073 576 3174 dli
588 3121 680 3174 visum
697 3128 755 3187 est,
774 3123 848 3176 nolis
864 3122 1019 3192 baptizari,
1037 3127 1103 3175 tuae
1116 3121 1275 3190 obsequens
1286 3138 1333 3176 vo·

163 3189 284 3256 luntati,
308 3189 427 3244 consilio
447 3191 508 3242 eius
529 3206 678 3260 repugnas.
716 3189 773 3243 Sed
794 3189 915 3244 fortasse
932 3188 1026 3242 dices:
1050 3188 1125 3250 Quid
1142 3189 1179 3241 ad
1195 3189 1333 3258 pietatem

162 3258 290 3324 confert,
311 3257 336 3310 si
353 3274 426 3326 aqua
442 3255 591 3327 baptizer?
618 3256 741 3309 Primum
760 3256 887 3325 quidem,
907 3257 982 3324 quod
993 3253 1051 3306 Dei
1063 3255 1246 3322 beneplacito
1260 3260 1332 3320 stas3

163 3326 270 3381 deinde
302 3323 359 3378 uod
371 3341 445 3394 aqua
456 3329 485 3379 et
499 3324 600 3394 spiritu
612 3322 675 3377 Deo
687 3323 859 3390 renasceris,
875 3321 1079 3392 pristinamque
1095 3326 1173 3372 tuam
1191 3337 1208 3374 a
1225 3319 1333 3389 cupidi-

162 3401 225 3448 tate
238 3341 396 3463 prdlectam
409 3391 547 3462 originem
559 3391 747 3461 permutabis,
764 3407 853 3459 eoque
866 3389 948 3442 modo
961 3387 1081 3440 salutem
1093 3387 1229 3456 consequi
1240 3392 1332 3457 potes,

163 3464 193 3516 id
208 3461 284 3530 quod
297 3460 381 3514 aliter
392 3459 454 3513 fieri
467 3459 573 3540 nequit.
605 3457 651 3512 Ita
662 3459 737 3513 enim
749 3457 829 3512 Deus
841 3456 966 3520 verbum,
979 3453 1055 3523 quod
1067 3453 1169 3532 salutis
1181 3459 1211 3507 et
1224 3453 1331 3506 immor-

163 3529 289 3583 talitatis
302 3528 417 3599 generis
429 3534 519 3581 nostri
532 3543 620 3581 causa
631 3525 782 3581 humanam
794 3524 888 3580 induit
900 3527 1037 3589 naturam,
1050 3521 1133 3576 uobis
1146 3521 1232 3575 dixit:
1248 3525 1332 3574 Aaron

160 3717 214 3788 ἐγὼ
228 3723 259 3768 Ο.
272 3745 304 3754 -
317 3713 345 3784 2)
359 3709 489 3784 τυγχάνει
501 3733 549 3767 om.
563 3718 635 3768 V.·-
644 3711 671 3782 3)
682 3718 725 3766 Or.
769 3715 897 3765 Barnabae
909 3729 929 3762 o.
949 3710 982 3762 16
1001 3717 1102 3764 nostras
1123 3715 1225 3763 Petrum
1245 3714 1331 3780 Apost.

160 3791 213 3839 καὶ.
226 3814 260 3822 -
272 3782 300 3849 4)
313 3787 354 3833 Or.
367 3787 401 3850 γε’
419 3801 484 3836 ονεν
497 3780 512 3836 ὁ
524 3779 606 3853 adop.
769 3782 806 3832 ed.
828 3809 862 3818 —-
884 3779 910 3844 3)
928 3779 958 3832 dl
975 3781 1056 3832 estin
1074 3782 1129 3832 OV.
1150 3808 1183 3818 —
1207 3777 1235 3846 4)
1256 3781 1331 3830 Voce.

213 3853 372 3919 CapXVIl.
399 3801 508 3929 lepit
522 3857 547 3902 st
559 3853 601 3900 Or.
613 3851 727 3900 inserunt
769 3848 840 3931 θεορ
857 3849 903 3926 aul
919 3850 1019 3928 om.·0.
1045 3875 1076 3885 ·-
1099 3846 1125 3910 5)
1148 3845 1229 3915 ἅγιον
1249 3849 1277 3897 0.
1299 3874 1332 3882 -

160 3913 728 4054 carrasresistentia
769 3912 1059 4050 laamas
1079 3977 1110 4031 a
1128 3982 1155 4029 0.
1181 4007 1214 4016 ,
1236 3975 1265 4044 2,

163 4052 254 4108 slorbv
267 4049 318 4106 τὸν
336 4053 414 4105 οἶκον
432 4052 484 4104 τοῦ
499 4047 609 4121 κόσμου
625 4069 671 4118 pro
690 4055 729 4111 εἰς
771 4052 836 4101 etius
854 4044 905 4102 adv
925 4051 994 4116 Epit.
1013 4065 1034 4098 c.
1052 4045 1092 4099 18.
1115 4074 1149 4082 -
1172 4042 1197 4104 3)
1219 4045 1332 4103 ἐλπίδος

163 4123 211 4176 ἕνα
228 4123 308 4174 οἶκον
325 4117 458 4173 οἰκοῦντα
475 4115 525 4172 τὸν
541 4116 650 4190 κόσμον
669 4135 727 4169 con·
770 4115 877 4181 deddc
899 4117 969 4182 Epit.
993 4143 1026 4150 -
1052 4110 1080 4180 4)
1108 4114 1220 4180 γένηται
1245 4113 1273 4160 0.
1298 4141 1331 4148 -

161 4191 222 4240 iecit
234 4190 351 4240 Ulrlhorn
364 4190 382 4238 l.
395 4203 415 4237 e.
433 4205 458 4254 p.
474 4185 523 4238 158
540 4193 593 4238 not.
607 4184 631 4236 9.
649 4182 687 4244 ὠς
721 4224 727 4236 .
770 4137 1330 4258 5)ἔὸοξεΟ.-6)ὃτιδι’ῧδαζοςΕρὶῐ.

163 4261 204 4315 εἰς
215 4258 253 4307 ed.
267 4258 321 4307 Cot.
335 4258 374 4305 An
387 4255 562 4306 scribendum:
576 4250 613 4312 ὡς
625 4252 674 4306 ἕνα
686 4271 727 4302 οι-
772 4277 801 4286 ·—
817 4246 845 4316 7)
858 4245 1037 4300 καταλλάσσει
1049 4249 1077 4297 0.
1090 4275 1124 4283 -
1135 4242 1163 4314 8)
1177 4245 1249 4298 οὕτω
1260 4250 1289 4296 0.
1299 4273 1330 4282 —

162 4343 214 4377 κον
228 4323 406 4378 εἰσοικοῡντα
420 4319 471 4375 τὸν
483 4317 606 4392 κόσμον.)
621 4323 729 4386 comp.
774 4313 803 4384 9)
815 4317 884 4366 Ioan.
896 4312 921 4378 3,
935 4314 958 4368 5.
