3126 4894
586 281 741 332 serrone
758 284 869 334 rmon.
1277 269 1317 331 tl

177 430 269 484 CXX.
307 429 607 484 TumPet1us:Haec
640 429 735 484 uidem
746 430 853 510 fecisti,
867 431 1101 501 quemadmodum
1113 431 1230 502 placuit.
1260 432 1317 488 Sed

141 500 178 553 de
193 498 336 553 Genitura
349 495 499 569 fingensne
512 447 689 564 affirmatius,
711 516 747 552 an
761 499 852 552 velut]
869 517 964 553 verum
977 499 1075 554 dicens
1088 499 1257 554 asserebas?
1279 501 1317 555 Et

139 573 238 638 pater:
257 566 324 620 Non
335 565 470 632 mentiar,
486 564 595 636 inquit,
614 565 689 635 apud
707 572 750 633 te3
771 572 907 636 tanquam
923 584 989 622 vere
1006 567 1044 620 sit
1062 565 1200 634 Genesis,
1219 567 1318 622 confir-

140 635 264 688 mabam.
283 633 349 688 Non
362 633 438 688 enim
448 633 527 686 rudis
541 651 603 686 sum
615 633 644 686 in
655 635 800 704 mysteriis
812 634 895 688 huius
906 635 1090 706 disciplinae,
1104 635 1155 688 sed
1167 640 1196 688 et
1209 651 1318 690 mecum

139 709 274 756 versatus
295 707 340 755 est
359 701 473 781 quidam
492 701 666 782 astrologus,
688 703 732 756 vir
767 703 1009 757 raestantissimus
1026 701 1110 774 Aegy
1132 703 1189 756 tius
1205 704 1318 758 nomine

139 768 312 836 Annubion,
330 769 421 840 quiin
437 769 716 840 peregrinationibus
734 721 771 824 air
789 771 872 825 initio
885 771 954 824 mihi
966 771 1074 826 amicus
1091 721 1211 826 eCeetus
1223 771 1318 824 uxoris

139 855 223 893 meae
246 855 280 892 sc
302 838 455 892 liberorum
471 843 590 891 mortem
611 837 757 892 indicavit.
793 837 832 891 Et
852 839 967 892 Petrus:
995 838 1141 909 Numquid
1157 857 1187 892 er
1209 855 1318 894 onunc

137 906 237 976 reipsa
248 918 416 976 persuasum
428 904 531 970 habes,
551 905 688 961 Genesim
706 924 763 960 non
780 906 956 960 consistere?
975 907 1061 961 Pater
1076 923 1180 977 respon
1202 908 1238 960 it:
1263 905 1318 962 Ne·

140 991 226 1028 cesse
239 979 295 1040 est,
307 979 340 1026 ut
352 973 447 1027 omnia
459 989 531 1042 quae
544 990 594 1044 per
605 979 729 1028 mentem
741 991 833 1028 meam
844 980 993 1029 transeunt
1005 975 1059 1029 tibi
1070 991 1208 1044 exponam
1221 974 1318 1096 singu·

141 1041 235 1108 latim,
249 1058 303 1111 quo
317 1057 334 1095 ο
347 1046 376 1094 te
389 1040 491 1095 iterum
503 1057 570 1096 vera
583 1041 693 1097 discam
705 1048 734 1096 et
749 1048 835 1096 certa.
863 1040 1061 1096 Animadverti
1074 1059 1166 1096 errare
1178 1042 1208 1096 in
1219 1061 1267 1096 mu
1280 1043 1317 1096 tis

139 1109 320 1180 astrologos,
333 1109 364 1162 in
375 1108 472 1162 multis
485 1125 595 1178 quoque
613 1127 662 1164 eos
674 1111 824 1164 veritatem
836 1110 988 1182 attingere.
1023 1109 1128 1165 Verum
1144 1109 1218 1164 forte
1235 1110 1266 1164 in
1281 1109 1317 1164 iis

140 1194 216 1246 quae
231 1181 378 1256 comperta
393 1175 501 1230 habent
518 1193 584 1231 vere
597 1177 710 1245 dicunt,
728 1178 758 1230 in
774 1178 810 1230 iis
822 1184 917 1232 autem
931 1178 961 1232 in
973 1177 1075 1248 quibus
1088 1183 1182 1232 errant
1194 1177 1224 1230 id
1237 1177 1317 1250 igno·

139 1244 238 1299 rantia
248 1248 412 1314 patiuntur:
432 1260 517 1313 quare
531 1245 659 1315 suspicor
671 1251 801 1300 constare
814 1245 1005 1316 disciplinam,
1023 1245 1089 1299 illos
1103 1251 1198 1300 autern
1211 1262 1263 1316 per
1275 1263 1316 1298 so·

141 1312 200 1366 lam
220 1311 368 1366 inscitiam
385 1311 460 1366 falsa
496 1311 642 1368 medicare
659 1331 706 1380 eo,
723 1313 799 1383 quod
816 1331 873 1368 non
888 1331 986 1368 omnes
1003 1313 1116 1384 possint
1134 1313 1169 1366 de
1186 1313 1316 1368 omnibus

141 1379 250 1434 habere
268 1379 427 1434 scientiam.
488 1385 500 1432 t
516 1379 618 1434 Petrus
636 1380 725 1447 Cave,
743 1381 851 1450 inquit,
871 1386 906 1436 ne
924 1399 988 1436 eum
1004 1398 1100 1434 verum
1117 1381 1216 1434 dieunt
1227 1380 1315 1434 veluti

139 1465 211 1502 casn
223 1452 411 1518 assequentes
425 1453 455 1501 et
467 1465 524 1500 non
536 1453 672 1518 tanquam
684 1455 762 1503 eerto
775 1449 900 1504 scientes
912 1449 1088 1520 praedicant.
1107 1447 1228 1504 Omnino
1241 1448 1316 1503 enim

139 1532 262 1570 necesse
281 1521 325 1569 est
344 1533 378 1570 ex
395 1516 493 1568 multis
511 1515 597 1570 dictis
619 1517 734 1570 evenire
755 1517 901 1572 nonnulla.
937 1517 1010 1570 Tum
1031 1533 1131 1571 senex:
1163 1516 1225 1580 Qua
1248 1533 1316 1587 ergo

139 1583 255 1637 ratione
268 1589 362 1703 certqs
373 1582 428 1637 hac
441 1583 471 1637 in
482 1601 512 1636 re
525 1600 589 1637 esse
601 1601 716 1655 possum
728 1603 765 1639 an
778 1589 899 1652 constet,
913 1601 966 1639 nec
981 1602 1016 1638 ne
1034 1583 1064 1637 id
1083 1586 1158 1656 quod
1173 1583 1210 1638 ad
1223 1582 1316 1637 Gene-

138 1651 194 1704 sim
205 1652 333 1722 pertinet

213 1735 320 1790 CXXI.
351 1735 421 1790 Cum
434 1736 523 1806 igitur
534 1741 653 1806 uterque
665 1741 787 1804 taceret,
808 1755 862 1808 ego
876 1736 1008 1790 Clemens
1021 1737 1108 1804 Quia,
1122 1729 1245 1808 inquam,
1258 1757 1315 1792 ma-

140 1803 313 1858 thematicas
332 1804 502 1884 disciplinas
518 1803 635 1872 penitus
652 1806 732 1871 novi,
750 1805 880 1859 dominus
897 1812 993 1860 autem
1014 1812 1044 1859 et
1063 1812 1146 1876 pater
1163 1823 1242 1860 meus
1258 1824 1314 1862 non

139 1871 225 1938 item,
245 1889 379 1941 cuperem
397 1891 422 1925 ει
438 1873 500 1942 ipse
513 1872 667 1926 Annubion
679 1873 808 1940 adesset,
827 1890 920 1928 eoram
936 1880 1017 1953 patre
1031 1873 1254 1943 disputationem
1265 1873 1314 1928 ha-

137 1939 216 1994 bere.
241 1940 287 1993 lta
319 1940 406 2010 uippe
417 1957 463 1994 res
474 1941 570 2010 palam
581 1941 678 1994 venire
690 1947 798 2010 posset,
812 1941 878 1995 dum
890 1947 960 1996 artis
972 1941 1081 2012 peritus
1092 1944 1229 1996 adversus
1242 1941 1314 1996 eius·

137 2007 205 2060 dem
223 2007 293 2062 artis
330 2009 451 2061 ominem
474 2009 670 2077 quaestionem
693 2009 825 2080 agitaret.
860 2008 918 2062 Res
940 2009 1020 2062 ondit
1040 2015 1130 2080 pater.
1165 2008 1223 2064 Ubi
1246 2027 1314 2080 ergo

136 2081 236 2195 plqtest
249 2093 313 2154 cum
326 2073 500 2196 ,impp-ione·
510 2093 684 2198 congpiessuss
693 2082 722 2130 et
735 2076 908 2147 colloquium
917 2027 1036 2132 deberi?
1053 2077 1092 2129 Et
1101 2077 1204 2198 Petpps
1213 2075 1314 2157 Antio·

135 2148 380 2290 {attestata
402 2160 531 2290 atti?
548 2145 1314 2283 tuttattttrtttllutftretttntttltt

136 2295 233 2333 eoram
251 2296 286 2332 eo
303 2279 475 2349 drseeptatro
493 2278 551 2334 fiet.
586 2277 624 2332 Et
645 2284 796 2349 postquam
814 2281 848 2335 de
870 2281 969 2334 multis
993 2279 1177 2334 disseruimus
1198 2287 1313 2351 propter

134 2345 364 2417 recognitionem
381 2347 487 2418 gaudio
502 2346 607 2416 repleti
622 2346 742 2416 Deoque
760 2365 892 2419 magnam
908 2349 1030 2420 gratiam
1051 2347 1206 2413 habentes,
1229 2354 1313 2402 nocte

137 2413 360 2483 superveniente
372 2415 410 2468 ad
423 2432 549 2468 somnum
561 2431 613 2468 nos
626 2415 805 2469 contulimus.

207 2497 328 2551 CXXII.
354 2499 459 2552 Exorto
471 2505 567 2552 autem
578 2516 661 2552 mane
673 2505 754 2568 pater
770 2516 833 2552 cum
852 2504 941 2553 matre
956 2499 1104 2568 tribusque
1122 2497 1191 2550 filiis
1205 2497 1313 2571 ingres-

136 2583 186 2618 sus
200 2565 350 2633 inlocum,
366 2566 417 2620 ubi
434 2571 495 2621 erat
512 2567 628 2633 PetruS,
647 2584 710 2620 eum
729 2567 884 2620 salutasset
901 2567 991 2634 sedit,
1010 2566 1114 2620 deinde
1131 2583 1183 2620 nos
1201 2583 1312 2646 quoque

135 2633 189 2688 illo
203 2633 328 2688 iubente.
363 2634 532 2704 Patremque
545 2635 666 2688 intuitus
678 2634 779 2688 Petrus
788 2633 937 2704 Pereupio,
951 2634 1053 2703 inquit,
1066 2639 1095 2686 te
1109 2633 1183 2686 idem
1195 2640 1311 2701 sentire,

136 2701 216 2770 quod
228 2719 298 2756 uxor
309 2719 343 2755 ac
357 2701 453 2768 liberi,
472 2708 503 2756 ut
520 2701 609 2757 ethic
622 2720 686 2756 cunr
703 2702 745 2756 eis
759 2702 894 2756 convivas
907 2707 936 2756 et
949 2702 1010 2756 illie
1022 2707 1088 2773 post
1101 2700 1211 2755 animae
1224 2718 1242 2756 a
1254 2719 1312 2756 cor-

135 2785 205 2838 pore
228 2769 449 2837 disiunctionem
470 2788 527 2824 una
551 2787 614 2824 cum
636 2769 744 2824 eisdem
772 2771 802 2824 in
823 2770 937 2825 laetitia
960 2769 1057 2840 degas.
1092 2767 1139 2822 An
1158 2786 1215 2822 non
1238 2769 1312 2823 enim

136 2837 261 2890 maxime
278 2843 307 2890 te
324 2844 410 2907 atque
432 2837 497 2891 illos
516 2838 712 2904 contristaret,
732 2838 757 2891 si
776 2855 834 2893 una
853 2856 910 2893 non
932 2836 1056 2893 essetis?
1074 2836 1196 2907 Excepit
1216 2842 1311 2908 pater:

135 3061 208 3127 Epit.
223 3068 248 3110 et
264 3062 295 3110 al.
314 3078 352 3128 ap.
371 3063 425 3111 Cot.
443 3090 476 3096 —
497 3061 537 3121 li)
555 3057 666 3122 πάντως
678 3064 705 3127 Ο,
748 3068 774 3114 et
791 3065 823 3114 al.
843 3081 882 3131 ap.
903 3066 958 3116 Cot
979 3093 1014 3103 -
1033 3061 1060 3131 4)
1080 3059 1207 3130 ἄνιιοχία
1227 3067 1257 3116 R
1277 3091 1311 3100 κ

136 3129 198 3178 Οοά,
214 3130 289 3178 Hom.
304 3129 397 3190 Ottob.,
409 3135 496 3178 nostra
506 3130 576 3197 Epit.
588 3130 652 3181 etal.
665 3147 704 3198 ep.
747 3129 773 3195 5)
788 3127 855 3184 ὅντα
871 3133 946 3182 Ηοιιι.
963 3135 980 3184 l.
998 3148 1029 3195 o,
1047 3138 1133 3182 nostra
1149 3132 1219 3198 Epit.
1238 3138 1263 3182 et
1278 3133 1309 3182 al.

136 3196 193 3246 Cot.
222 3223 251 3230 -
273 3191 314 3258 18)
333 3193 527 3266 καὶὸΠέτρος
538 3196 628 3265 ἔπεχε,
641 3195 703 3266 ἔφη,
747 3215 786 3266 ap.
800 3196 935 3264 cot-6)
948 3202 993 3252 καὶ
1004 3216 1052 3249 οιιι.
1065 3201 1140 3250 Hom.
1153 3199 1170 3248 1.
1183 3215 1214 3262 e,
1226 3206 1312 3250 nostra
1348 3223 1350 3227 ·

135 3259 177 3332 μή
191 3281 252 3322 πως
263 3265 295 3314 ul.
309 3280 348 3331 ap.
359 3263 422 3328 Cot,
435 3259 507 3315 καὶὸ
520 3267 624 3332 πέτρος
634 3261 704 3317 ἀνιε-
747 3265 817 3332 Epit.
830 3271 855 3316 et
866 3267 898 3317 al.
911 3283 950 3332 ap.
964 3268 1017 3317 Cot.
1035 3293 1069 3302 -
1086 3263 1111 3329 7)
1132 3261 1169 3322 ὡς
1183 3259 1218 3317 ἂν
1230 3271 1311 3316 textus

133 3334 264 3400 κρίνοιο·
288 3327 382 3399 ἄπεχε,
403 3326 442 3402 μή
465 3349 526 3391 πως
544 3333 619 3385 Ηοιιι.
638 3333 656 3383 1.
673 3349 704 3395 c,
746 3334 821 3384 Hom.
835 3333 899 3394 Cot,
911 3337 997 3382 nostra
1008 3333 1078 3398 Epit.
1090 3338 1115 3382 et
1123 3334 1155 3381 al.
1165 3347 1204 3396 ap.
1214 3333 1312 3382 Cot.—

133 3407 223 3449 nostra
234 3399 304 3465 Epit.
319 3404 343 3450 et
361 3401 392 3449 al.
405 3416 444 3464 ap.
458 3399 512 3450 Cot.
528 3426 562 3435 -
580 3397 621 3463 19)
639 3399 703 3452 ἔπι·
746 3396 774 3468 8)
788 3397 804 3464 ἡ
825 3395 934 3464 ζήτησις
948 3401 1081 3467 γενέσθαι
1099 3393 1214 3450 δύναται
1233 3398 1310 3448 Hom.

135 3461 326 3535 τυγχάνουσιν
337 3467 415 3517 Hom.
427 3468 444 3516 l.
458 3473 584 3530 c.,nostra
594 3468 664 3534 Epit.
677 3471 702 3518 et
744 3468 761 3518 1,
784 3483 819 3530 a,
839 3471 926 3518 nostra
945 3466 1014 3532 Epit
1037 3471 1062 3516 et
1081 3465 1116 3515 al.
1138 3481 1177 3530 ap.
1200 3464 1254 3516 cot.
1275 3493 1308 3500 -

133 3535 167 3584 al.
180 3551 220 3600 ap.
235 3536 289 3584 Cot.
302 3562 335 3569 —
356 3530 401 3594 20)
414 3530 592 3600 ἀκριβοῦντες
603 3535 701 3603 λέγον·
744 3531 772 3602 9)
784 3535 824 3585 Ita
835 3539 860 3584 et
870 3533 929 3584 cod.
939 3536 1015 3584 Hom.
1027 3533 1122 3596 Ottob.,
1136 3532 1310 3595 πλησθένιες

134 3615 183 3652 σιν
197 3597 235 3658 ὠς
252 3597 428 3670 ἀκριβοῦντες
443 3601 496 3670 ἄρα
512 3603 702 3672 προλέγουσιν
744 3609 830 3653 nostra
841 3603 910 3669 Epit.
924 3607 949 3652 et
961 3603 992 3652 al.
1006 3618 1045 3682 ap.
1058 3601 1113 3652 Cot.
1131 3627 1165 3636 —-
1180 3594 1224 3667 10)
1238 3601 1308 3652 uol-

132 3671 211 3719 Hom.
229 3670 246 3718 1.
265 3685 296 3732 a,
314 3675 401 3719 nostra
412 3671 485 3738 Epit.
502 3674 527 3720 et
545 3669 576 3719 al.
594 3686 633 3737 ap.
647 3670 701 3720 Cot.
745 3667 796 3736 ιὴν
803 3665 888 3736 χάριν
901 3665 1125 3754 ὁμολογησαντες
1141 3669 1219 3728 BCD,
1239 3673 1264 3720 et
1276 3669 1308 3718 al.
1389 3676 1395 3688 ·

132 3763 167 3772 -
179 3733 224 3799 21>
238 3733 291 3806 ἔφη
303 3735 359 3786 add.
372 3738 448 3788 Hom.
460 3739 478 3788 l.
491 3753 521 3800 e,
533 3742 619 3788 nostra
630 3737 699 3804 Epit.
746 3754 785 3804 sp.
806 3739 869 3801 Cot,
890 3732 1137 3806 εοχαρισιὴσοιντες
1156 3753 1182 3804 p.
1203 3731 1310 3800 πολλὴν

133 3811 158 3852 et
170 3804 204 3852 ul.
217 3820 257 3870 ap.
270 3803 325 3854 Cot.
337 3829 372 3838 -
383 3801 426 3865 22)
440 3799 620 3876 asciscitur
630 3805 701 3870 πλη·
740 3801 827 3885 χάριν
840 3801 1045 3874 ὁμολογοῦντες
1061 3806 1136 3856 Hom.
1151 3805 1168 3854 l.
1182 3820 1212 3868 a,
1225 3811 1310 3854 nostra

133 3890 210 3939 ροᾳο
229 3869 346 3937 naara,
364 3867 395 3924 τὸ
413 3871 471 3939 (om.
489 3867 521 3923 τὸ
538 3873 570 3924 al.
583 3887 623 3940 ap.
636 3872 700 3934 Οοι.)
745 3876 814 3940 Eprt.
829 3879 854 3924 ct
865 3874 896 3922 ul.
910 3891 950 3941 ap.
964 3874 1017 3928 Cot.

132 3941 191 3990 εἴτε
227 3939 299 3989 om.l.
312 3953 342 4000 o,
354 3941 517 4006 nostraEpit.
526 3940 586 3990 etal.
597 3955 636 4006 ap.
648 3940 701 3990 Cot.
797 3941 856 4006 Cap.
870 3941 974 3991 CXXII.
996 3936 1022 4007 1)
1032 3935 1138 4007 μητρὸς
1148 3934 1307 4004 incivilem.

185 4006 218 4056 Ga
241 4004 358 4057 ‚CXXI
389 4003 416 4072 1)
433 4003 548 4078 Κλήμης
564 4007 701 4058 om.Hom.
744 4009 803 4068 XV,
816 4005 840 4072 1,
857 4015 943 4058 nostra
958 4009 1028 4074 Epit.
1052 4013 1077 4056 et
1092 4007 1124 4056 al.
1142 4023 1181 4071 ap.
1200 4005 1253 4054 Cot.
1275 4031 1309 4038 —

132 4074 206 4136 XIV,
219 4022 261 4122 ὓ.
278 4077 365 4124 nostra
376 4075 447 4143 Epit.
465 4080 490 4126 et
504 4075 536 4125 al.
548 4090 588 4141 sp.
602 4075 655 4126 Cot.
668 4101 702 4110 -
744 4071 772 4142 2)
784 4077 830 4126 καὶ
847 4074 917 4126 deest
933 4075 960 4124 in
972 4076 1048 4125 Hom.
1060 4074 1077 4122 l.
1091 4088 1120 4134 a,
1141 4075 1227 4121 nostra
1238 4071 1308 4136 Epit.

131 4139 157 4201 2)
175 4159 234 4209 μου
254 4141 339 4222 recepi
359 4159 390 4194 ex
412 4143 445 4206 0,
465 4136 560 4210 κύριός
579 4161 636 4212 μου
656 4144 701 4193 καὶ
744 4148 769 4192 et
784 4143 815 4192 al.
833 4158 872 4209 ap.
892 4143 946 4192 Cot.
971 4168 1004 4176 -—
1026 4136 1053 4206 3)
1072 4134 1145 4207 πρὸς
1161 4138 1235 4187 inser.
1256 4137 1307 4186 CD.

134 4204 226 4276 πατὴρ
239 4211 270 4269 Β,
284 4225 379 4276 κοριος
393 4210 440 4261 καὶ
456 4205 471 4260 ὀ
489 4204 582 4280 πατὴρ
594 4211 670 4259 Hom.
683 4210 699 4259 1.
744 4209 856 4260 Subinde
878 4207 918 4274 τῷ
938 4209 1025 4273 πατρὶ
1041 4207 1116 4255 Ηοοι.
1135 4205 1152 4254 l⁴
1169 4220 1199 4266 c,
1223 4211 1309 4254 nostra

132 4292 163 4336 c.‚
174 4280 262 4324 nostra
271 4275 341 4342 Epit.
351 4282 376 4328 et
386 4277 417 4328 al.
428 4293 467 4344 ap.
479 4278 573 4329 cot-
583 4275 608 4341 3)
620 4276 700 4328 inor·
743 4277 813 4344 Epit.
827 4283 852 4325 et
864 4275 895 4324 al.
909 4290 947 4340 ap.
961 4274 1014 4322 Cot.
1031 4299 1064 4308 -
1080 4269 1108 4333 4)
1126 4277 1185 4330 τοῖς
1202 4275 1308 4329 τέκνοις

132 4337 243 4410 ησιὶμην
260 4348 343 4393 textus
358 4345 434 4395 Hom.
453 4345 516 4408 Cot,
533 4351 619 4395 nostru
630 4344 699 4410 Epit.
745 4345 795 4392 CD.
809 4371 842 4377 —
860 4339 887 4409 5)
906 4343 950 4392 καὶ
966 4337 1062 4398 αὐτοῖς
1074 4339 1196 4392 ἐνταῦθα
1212 4340 1263 4389 inv.
1276 4341 1307 4388 D.

883 4427 886 4434 ’
1099 4424 1112 4463 6
