3126 4894
247 293 308 360 186
715 309 944 361 σιεαεατιαι

244 462 359 536 πάντως
373 460 402 527 δέ
417 461 580 544 ἐτελεότησε
599 460 646 526 naz
666 462 748 565 γάρ
734 489 751 526 o
740 460 978 543 ταλαίπωρος
964 462 1021 567 γπὸ
1039 462 1221 568 σωφροσόιης
1238 489 1273 544 με
1295 463 1423 546 ἀγαπών

243 545 432 654 φιλότιγκνιγς’
416 575 466 650 ην.
473 545 545 612 ὅθεν
559 546 674 612 πάντων
677 545 764 652 ῆμώη
778 550 835 611 τών
849 545 918 629 ὑπὲρ
929 547 1026 611 πάντα
1042 547 1119 626 αὐτῷ
1131 546 1313 630 ῆγαπημένων
1324 573 1422 630 στερη-

244 629 309 706 θεὶς
322 631 339 695 5
355 633 439 715 γέρων
453 629 508 696 555
522 633 652 716 μεγίστης
666 631 794 712 ἀθυμίας
809 631 1015 736 διεφόνησεν.9

357 717 413 776 ΠΙ.
448 719 508 798 Τῆς
520 717 623 823 μητρὸς
637 715 685 780 οὖν
699 719 790 779 ταῦτα
793 715 934 815 λεγοίισης
947 715 1022 779 κατὰ
1036 715 1085 798 τῆν
1099 741 1149 778 τον
1137 717 1170 758 ¹
1186 717 1301 824 Πέτρου
1315 717 1421 798 παραί-

243 826 317 864 ιεσιν
336 801 502 872 σίιιοόσντες2
522 801 611 865 σόιιέτι
629 803 731 906 στέγειν
750 799 926 902 ῆδόναντσ’
900 826 925 863 οι
945 806 1056 876 παῖδες,
1079 800 1168 864 ἀλλέ
1156 803 1322 914 ἀγερθέντες
1330 825 1421 879 περιε-

244 886 376 949 πλέκοντα
396 885 470 965 αὐτῆ
487 886 585 989 πμλλά
607 884 773 990 δακρῆυντες
795 880 843 948 καὶ
865 887 1099 993 καταφιλοῦντες.
1114 881 1218 966 ἡδέ’
1202 903 1266 966 εφη·
1290 910 1318 948 τι
1314 887 1422 948 ’θελει

243 971 327 1033 τοῦτο
340 971 425 1043 εἶναι,·
448 965 496 1032 καὶ
510 967 527 1033 5
533 967 688 1070 Πέτρσς’
668 971 849 1050 ἀπεκρίνατο
870 967 1062 1075 παράστησον,
1077 967 1101 1071 ῆι
1118 967 1203 1051 γόιαι,
1219 971 1352 1051 γενναίως
1367 969 1421 1032 τὸν

243 1057 307 1117 νοῦν
321 1077 385 1130 σου,
407 1052 485 1126 ὅπως
504 1058 561 1117 τών
575 1057 633 1118 σών
653 1029 817 1134 ἀπολάόσγς
831 1055 940 1118 τέκνων.
959 1047 1035 1116 οὗτοι
1054 1052 1109 1136 γάρ
1124 1055 1175 1117 εἰσι
1193 1061 1353 1126 Φαυστῖνος
1369 1049 1420 1116 καὶ

248 1138 509 1213 (Ιιαυστινιανὸς,
481 1163 507 1202 οι
521 1140 578 1202 υἱοί
587 1163 646 1213 σου,
661 1137 709 1210 οὓς
724 1141 752 1202 ἐν
748 1139 864 1244 5555
874 1140 1012 1202 τεθνάναι
1031 1138 1151 1242 ἐλέγετ’
1134 1165 1163 1201 ιν
1182 1163 1215 1217 τη
1204 1137 1421 1218 χαλεπωτάτη

243 1221 330 1302 ἐκείνη
344 1224 428 1286 νυκτί.
451 1219 498 1286 καὶ
513 1227 575 1296 πώς
589 1221 605 1286 5
619 1219 668 1303 μέν
685 1223 776 1287 αι’τῶν
788 1221 914 1329 Νικήτης
927 1220 1070 1306 λέγεται,
1057 1249 1074 1285 ο
1089 1220 1119 1286 δέ
1132 1221 1312 1295 Ἀκόλας,’
1278 1223 1364 1285 αυτσί
1373 1247 1422 1285 σοι

244 1308 330 1370 εἰπεῖν
345 1306 522 1412 δυνῆσσγται,
544 1307 594 1372 σὺν
608 1304 653 1371 σοὶΙ
667 1307 722 1413 γάρ
738 1303 784 1371 καὶ
777 1304 875 1412 ἡμεῖς
888 1307 1026 1412 μαθεῖν’
1010 1332 1114 1411 εγομεν.
1134 1311 1226 1369 ταῦτα
1240 1333 1290 1370 τνυ
1278 1309 1422 1410 Πέτρην

244 1389 369 1494 ιγ’πόντος
384 1389 401 1474 ῆ
415 1391 503 1474 μῆτιγρ
517 1403 635 1474 χαρεῖσα
646 1388 783 1494 σφόδρα
770 1417 826 1454 νπο
812 1391 970 1463 ἐκλόσεως
981 1391 1075 1498 ὀλίγον
1084 1387 1247 1474 διεφώνει
1230 1417 1277 1454 οτε
1289 1387 1363 1453 55’
1330 1391 1421 1472 αντὶγν

244 1475 486 1582 ἀνεκτησάμεθα,
501 1477 650 1560 ἐκαθέσθη
672 1472 719 1540 καὶ
741 1479 770 1540 ἐν
790 1477 895 1557 εαυτῆ3
917 1478 1044 1580 γενομένη
1059 1476 1128 1583 ἔφη
1145 1478 1317 1580 παρακαλῶ,
1333 1476 1421 1538 τέιινα

243 1585 297 1641 μου
305 1559 441 1636 ποθεινά,
457 1557 558 1625 εἴπατέ
567 1563 630 1642 μοι’
645 1562 682 1626 τὰ
689 1560 761 1642 μετὰ
775 1559 825 1642 τῆν
837 1559 1002 1642 γαλεπῆν’
971 1585 1057 1624 νυκτα
1053 1562 1171 1666 ἐκείνην
1184 1556 1357 1642 συμβάντα
1344 1569 1419 1640 υμῖν.

355 1645 408 1704 IV.
454 1642 548 1708 Ka5‘
535 1671 551 1708 ο
572 1645 697 1728 Νιιιῆτης
714 1645 820 1747 ῆρξατο
837 1646 933 1727 λέγειν
956 1648 1006 1748 τῆς
1025 1645 1111 1726 αὐτῆς
1130 1645 1232 1724 ἐκεάης
1249 1645 1346 1717 νυκτὸς
1366 1646 1421 1748 τοῆ

244 1726 393 1804 πλοίου,
374 1755 413 1802 ως
428 1730 531 1804 οἶσθα,
554 1727 757 1810 διαλυομένου
744 1731 818 1834 ημάς
833 1729 931 1837 ἀγδρες
949 1725 1019 1800 τινές
1034 1730 1062 1792 ἐν
1077 1755 1116 1808 τῳ
1105 1731 1214 1810 ’βυθῷ
1228 1726 1413 1808 λῃστεύειν
1380 1755 1421 1832 μιγ

244 1811 407 1919 φοβεόμενοι
421 1813 575 1889 ἀνειλοντο,
595 1840 643 1879 ιιαι
658 1817 686 1879 ἐν
700 1814 802 1917 σκάφει
815 1815 914 1886 θέντες
928 1809 975 1877 καλ
990 1813 1097 1886 κώπαις
1111 1811 1271 1916 ἐλαύνοντες
1285 1813 1354 1878 ποτὲ
1367 1811 1421 1893 μὲν

244 1898 324 1980 παρὰ
339 1895 389 1980 γῆν
403 1901 509 2001 ἔφερον,
524 1894 593 2003 πρτέ
602 1897 663 1962 ¹55
677 1895 724 1962 ιιαλΙ
739 1898 846 2000 τροφάς
862 1897 1106 2002 μεταπεμπόμενοι
1123 1897 1163 1968 εἰς
1180 1896 1272 2000 τῆν..
1246 1897 1421 1978 Στράτωνος

244 1982 310 2065 ῆγσν
325 1981 528 2107 Καισγὶρειαν.
529 1983 607 2046 κάκει
598 1981 828 2087 δακρόμντας
815 1988 889 2064 ημάς
907 1987 989 2081 λιμῳ,
1011 1981 1091 2088 φόβῳ
1111 2006 1142 2045 τε
1156 1977 1204 2044 καὶ
1222 1988 1340 2084 πληγαῖς
1354 1986 1420 2046 ἐδει-

242 2067 380 2171 μάτουγβ
394 2065 474 2138 ὅπως
492 2065 574 2169 μῆ
549 2091 575 2130 τι
596 2065 731 2147 προπετὲς
745 2066 962 2149 λαλῆσωμεν
922 2092 978 2131 των
994 2067 1089 2138 αὐτοῖς
1103 2094 1140 2150 μιγ
1128 2063 1350 2142 δοκοόντων,”
1333 2093 1375 2130 ετι
1389 2091 1421 2130 τε

244 2147 292 2214 καὶ
311 2151 349 2214 τά
367 2149 495 2231 ὀνόματα
514 2155 590 2234 ημών
609 2151 781 2256 ἀλλάξαντες
802 2156 933 2256 πωλῆσαι
949 2150 1137 2254 ῆδννῆθιγσαν.
1160 2149 1224 2256 γνμῆ
1244 2153 1277 2214 δέ
1292 2177 1344 2277 τις3
1352 2152 1420 2258 Ἰογν

244 2237 332 2307 δαίοις
346 2235 524 2317 προσῆλυτος,
541 2234 742 2339 ἀξιόλογος’
700 2262 783 2310 πανυ,
799 2235 915 2300 ὀνόματι
927 2233 1081 2308 Ἰοόστα,’
1061 2235 1230 2340 ῳνησαμένη,
1250 2233 1344 2316 ῆμάς3
1358 2238 1419 2299 τέκ-

246 2347 300 2383 νων
322 2319 457 2424 ἐφόλαττε
476 2318 562 2384 τόπον
581 2317 628 2384 καὶ
647 2319 725 2400 πάση
744 2320 996 2425 ἑλληνικῆπμιδειίγι
1009 2319 1080 2401 μετὰ
1095 2321 1219 2401 σπονδῆς
1231 2321 1419 2394 ἐξεπαιδευσε.

244 2403 332 2510 ῆμεις
336 2401 394 2466 δὲ’
378 2429 413 2488 εφ
416 2402 579 2486 ’ῆλιιιιάς’
564 2431 695 2487 εμφρονες
714 2403 851 2510 γενόμενοι
865 2401 912 2468 καὶ
926 2404 975 2488 τῆν
990 2406 1145 2486 θρησκείαν
1159 2403 1353 2486 ἠγαπήσαμεν,
1369 2401 1420 2468 καὶ

243 2489 280 2552 τά
299 2493 349 2570 τῆς
365 2489 495 2561 παιδείας
515 2488 801 2592 ε’φιλοπονῆσαμεν,’
785 2514 862 2561 οπως
880 2489 974 2594 πρὸς
971 2489 1008 2552 τὰ
1029 2489 1114 2553 λοιπὰ
1138 2489 1209 2570 ἔθνη
1226 2489 1420 2593 διαλεγόμενοι

243 2573 408 2654 ε’λέγχειν’
375 2573 449 2637 αντά
465 2598 526 2679 περι
518 2571 648 2679 πλάνης
662 2573 823 2655 δυνώμεθα.
840 2573 912 2678 ἀλλῆι
928 2569 1027 2636 καὶτὰ
1042 2571 1202 2675 φιλοσόφων
1217 2573 1418 2678 ῆιιριβώσαμεν,

242 2658 389 2738 ἐξαιρέτως
408 2656 456 2722 55¹
474 2659 512 2720 τὰ
532 2658 702 2732 ἀθεώτατα,
721 2661 791 2740 λέγω
816 2658 849 2740 δῆ
868 2657 905 2722 τά
927 2657 1087 2738 Ἐπικούρου
1109 2655 1157 2722 καὶ
1179 2657 1388 2741 Πύρρωνος,
1370 2685 1420 2722 ινα

240 2745 346 2822 μάλλον
362 2741 560 2816 ἀνασκευάζειν
575 2743 735 2824 δυνώμεθα.

329 2826 391 2887 CV
436 2827 543 2907 Σίμωνι
563 2829 596 2890 δέ
610 2853 660 2891 τινι
677 2826 759 2932 μάγῳ
783 2826 881 2908 σχεδὸν
906 2826 1054 2909 σύντροφοι
1051 2825 1242 2932 γενόμενοι
1238 2827 1334 2932 φιλίας
1358 2824 1419 2906 ὁδῳ

214 2923 227 2950 ·
245 2910 432 3012 ἀπατηθῆναι
449 2909 718 2990 ἐκινδυνεύσαμεν.
694 2937 776 3011 σμως
797 2914 902 2986 ταῦτα,
924 2914 1025 3015 μῆτερ,·
1043 2912 1088 2974 ἐπι
1107 2936 1203 2992 καιρον
1222 2911 1419 3014 ἀκριβέστερον

242 2994 432 3074 ἐκτεθῆσεται.
447 2995 517 3074 πλῆν
531 2991 701 3073 μέλλουσιν’
688 3004 751 3074 ημῖν
767 2993 943 3058 ἀπατᾶσθαι
961 2992 1017 3060 ὑπὸ
1037 2999 1088 3058 τοῦ
1105 2997 1264 3076 Σίμωνος
1250 2993 1363 3074 εταῖρός
1377 3021 1419 3068 τις

242 3079 292 3182 τιγῦ
307 3078 399 3158 κυρίου
418 3075 495 3158 ῆμών
511 3079 637 3156 Πέτρον,
656 3083 808 3158 Ζακχαῖοις
827 3079 986 3186 λεγόμενος,
1004 3078 1215 3184 προσηκάμενσς
1232 3082 1419 3161 ἐνουθέτησεν

241 3161 280 3244 μῆ
299 3159 485 3242 ἀπατηθῆναι
504 3164 544 3240 τῳ
558 3159 651 3265 μάγῳ,
674 3161 823 3226 ἐπελθόντι
838 3169 867 3226 δε
881 3190 921 3242 τῳ
936 3165 1039 3245 Πέτρῳ
1053 3163 1246 3265 προσήγαγεν,
1248 3162 1329 3235 ὅπως
1343 3163 1419 3264 ῆμάς

243 3245 458 3352 πληροφσρῆσας
471 3246 552 3352 πείση
567 3243 628 3328 περὶ
643 3249 700 3310 τών
713 3272 746 3326 τη
735 3225 913 3330 θεοσεβείά
930 3248 1126 3330 διαφερόντων.
1143 3249 1185 3311 διὸ
1200 3244 1247 3353 κμὶ
1261 3245 1307 3322 σέ,
1300 3253 1418 3352 ,μῆτερ

242 3330 398 3412 εὐχόμεθα,
420 3329 466 3393 ἵνα
485 3325 523 3394 ών
540 3329 616 3434 ῆμεις
630 3330 848 3412 καταξιώθημεν
864 3332 1000 3414 ἀγαθῶν,
1016 3332 1121 3396 τούτων
1136 3328 1183 3396 καὶ
1197 3333 1232 3396 σὺ
1245 3338 1420 3435 μεταλαβης,Ι

241 3415 319 3486 ὅπως
338 3440 413 3519 ιιοινγγ
400 3413 509 3478 άλών
527 3413 575 3479 καὶ
579 3417 735 3518 τραπέζης
756 3422 922 3498 μεταλαβεῖν
939 3421 1114 3522 δυνηθῶμεν.
1142 3414 1212 3496 αὕτη
1236 3410 1284 3478 σιἰν
1306 3441 1382 3480 εστιν
1401 3445 1418 3499 η

241 3500 326 3572 αἰτία,
343 3497 407 3561 δι”
391 3525 424 3602 ιγν
439 3497 586 3580 ἐνόμιζες
572 3505 651 3600 ημάς
660 3499 808 3576 τεθνάτω,
823 3501 908 3564 55¹’
892 3527 920 3563 εν
931 3501 1017 3581 ἐκείνη
1029 3526 1062 3582 τγ
1051 3499 1257 3582 χαλεπωτάτη
1269 3497 1347 3564 νυκτὶ
1362 3498 1419 3564 όπὸ

240 3586 378 3662 πειρατώυ
394 3583 551 3663 ἀρθῆναι’
537 3609 564 3646 εν
578 3579 702 3665 πελάγει.

355 3665 405 3724 VI
453 3670 555 3729 Ταῦτα
574 3671 623 3730 τοῦ
647 3667 855 3732 Ψαυστίνοο’
827 3666 953 3740 ειπόντος
972 3665 1030 3773 5
1009 3667 1097 3750 μήτηρ
1111 3665 1190 3772 5555
1203 3669 1363 3749 προσέπεσε
1377 3673 1419 3748 τῷ

241 3748 344 3828 Πέτρῳ
359 3750 470 3830 δεομένη
485 3776 532 3812 και
523 3747 711 3855 ἀξιγιῦσα,’
693 3775 773 3824 οπως
792 3749 878 3854 αὐτῆι
897 3776 927 3814 τε
941 3779 989 3816 και
1004 3753 1053 3834 τῆν
1067 3751 1265 3833 ξενοδόχον’
1231 3756 1319 3834 αυτῆς
1333 3777 1419 3858 μετα·

240 3831 426 3913 πεμψάμενος
440 3832 608 3914 βαπτισγγ,’
592 3861 646 3910 ινα,
661 3831 742 3916 φησὶ,
756 3837 876 3916 μηδεμία
890 3860 931 3908 τις
946 3834 1035 3963 ῆμέρηι
1050 3837 1166 3918 ἄμοιρος
1180 3839 1299 3946 γένηται,
1316 3837 1366 3940 ἀφ’
1385 3831 1420 3936 54

240 3916 277 4013 τά
291 3917 411 4017 ἐμαυτῆς
425 3916 616 3998 ἀπελαβσν’
582 3944 673 3992 τεκνα,
687 3919 724 4020 μῆ
739 3922 975 3983 συνεστιαθεῖσα1
991 3921 1094 3992 αὐτοῖς.
1109 3926 1202 3985 ταῦτα
1213 3947 1262 3985 συν
1275 3918 1324 3984 καὶ
1338 3919 1419 4002 ῆμών

239 4003 274 4080 τῆ
280 4025 368 4103 μιγτρι
360 3995 725 4105 συμπαρακαλεσάντωνό
740 4004 878 4084 Πε’τρος’
862 4019 926 4085 εφη·
943 4029 969 4068 τι
966 4006 1145 4085 ’νσμι”ζετε
1129 4003 1181 4106 εγώ
1193 4005 1278 4086 μόνος
1291 4005 1420 4112 ἄσπλαγ-

154 4081 164 4098 “
240 4082 304 4184 γνός
318 4107 384 4162 ειμι,
403 4083 447 4146 ότι
459 4109 499 4163 μη
488 4083 690 4190 βούλομαι
663 4091 738 4165 νμάς
756 4092 992 4192 σννεστιασθῆναι
1010 4092 1044 4169 τῆ
1059 4085 1153 4170 μητρὶ,
1169 4091 1313 4172 βαπτίσας
1329 4091 1420 4172 αὐτῆ-ν

239 4163 372 4266 σῆμερον,·
392 4167 466 4230 ἀλλά
481 4194 534 4230 και
553 4195 619 4271 μιαν
634 4167 738 4274 ημέραν
753 4171 808 4250 πρὸ
827 4195 877 4232 του
865 4175 1086 4254 βαπτισθῆναι
1100 4199 1249 4275 νιγστευσαι
1264 4174 1352 4274 αὐτὴν
1368 4183 1419 4251 δεῖ,

239 4247 330 4326 ἐπειδὴ
350 4246 447 4320 ἀπλώς
467 4251 528 4314 τινὰ
548 4249 616 4358 ὑπὲρ
636 4255 736 4334 ἑαυτῆς
754 4255 949 4336 ἐφθέγξατο
936 4283 952 4337 5
970 4256 1082 4338 555552
1103 4259 1162 4320 ἐπει
1153 4253 1321 4322 πολλῶν
1307 4264 1420 4341 ημερών

241 4329 328 4408 αὐτῆν
344 4330 582 4414 ἀφελληνισθῆναι
597 4336 657 4398 ἔδει.
