<?xml version="1.0" encoding="UTF-8"?>
<!DOCTYPE html PUBLIC "-//W3C//DTD XHTML 1.0 Transitional//EN"
    "http://www.w3.org/TR/xhtml1/DTD/xhtml1-transitional.dtd">
<html xmlns="http://www.w3.org/1999/xhtml" xml:lang="en" lang="en">
 <head>
  <title>
</title>
<meta http-equiv="Content-Type" content="text/html;charset=utf-8" />
  <meta name='ocr-system' content='tesseract 3.04.00' />
  <meta name='ocr-capabilities' content='ocr_page ocr_carea ocr_par ocr_line ocrx_word'/>
</head>
<body>
  <div class='ocr_page' id='page_1' title='image "./missing/clementinorumep00dresgoog/clementinorumep00dresgoog_0206.png"; bbox 0 0 3126 4894; ppageno 0'>
   <div class='ocr_carea' id='block_1_1' title="bbox 581 303 1315 370">
    <p class='ocr_par' dir='ltr' id='par_1_1' title="bbox 581 303 1315 370">
     <span class='ocr_line' id='line_1_1' title="bbox 581 303 1315 370; baseline 0.004 -4"><span class='ocrx_word' id='word_1_1' title='bbox 581 315 736 367; x_wconf 78' lang='lat' dir='ltr'><strong>armeus</strong></span> <span class='ocrx_word' id='word_1_2' title='bbox 753 315 897 368; x_wconf 70' lang='lat' dir='ltr'><strong>masan.</strong></span> <span class='ocrx_word' id='word_1_3' title='bbox 1254 303 1315 370; x_wconf 79' lang='grc'><strong>187</strong></span> 
     </span>
    </p>
   </div>
   <div class='ocr_carea' id='block_1_2' title="bbox 148 461 1325 670">
    <p class='ocr_par' dir='ltr' id='par_1_2' title="bbox 148 461 1325 670">
     <span class='ocr_line' id='line_1_2' title="bbox 148 461 1325 537; baseline 0.001 -17"><span class='ocrx_word' id='word_1_4' title='bbox 148 481 330 537; x_wconf 88' lang='lat' dir='ltr'><strong>progressus,</strong></span> <span class='ocrx_word' id='word_1_5' title='bbox 343 466 388 518; x_wconf 90' lang='lat' dir='ltr'><strong>tot</strong></span> <span class='ocrx_word' id='word_1_6' title='bbox 400 462 483 518; x_wconf 89' lang='lat' dir='ltr'><strong>annis</strong></span> <span class='ocrx_word' id='word_1_7' title='bbox 495 478 555 517; x_wconf 91' lang='lat' dir='ltr'><strong>non</strong></span> <span class='ocrx_word' id='word_1_8' title='bbox 565 467 724 533; x_wconf 88' lang='lat' dir='ltr'><strong>comparet:</strong></span> <span class='ocrx_word' id='word_1_9' title='bbox 739 479 852 533; x_wconf 88' lang='lat' dir='ltr'><strong>prorsus</strong></span> <span class='ocrx_word' id='word_1_10' title='bbox 864 477 930 518; x_wconf 85' lang='lat' dir='ltr'><strong>vero</strong></span> <span class='ocrx_word' id='word_1_11' title='bbox 943 461 1062 518; x_wconf 88' lang='lat' dir='ltr'><strong>interiit.</strong></span> <span class='ocrx_word' id='word_1_12' title='bbox 1095 463 1210 520; x_wconf 85' lang='lat' dir='ltr'>Etenim</span> <span class='ocrx_word' id='word_1_13' title='bbox 1223 465 1325 522; x_wconf 84' lang='lat' dir='ltr'><strong>infelix</strong></span> 
     </span>
     <span class='ocr_line' id='line_1_3' title="bbox 149 530 1324 652; baseline 0 -64"><span class='ocrx_word' id='word_1_14' title='bbox 149 533 183 588; x_wconf 89' lang='lat' dir='ltr'><strong>cb</strong></span> <span class='ocrx_word' id='word_1_15' title='bbox 193 532 403 611; x_wconf 78' lang='lat' dir='ltr'><strong>continentiam</strong></span> <span class='ocrx_word' id='word_1_16' title='bbox 413 530 556 652; x_wconf 68' lang='lat' dir='ltr'><strong>diligebat</strong></span> <span class='ocrx_word' id='word_1_17' title='bbox 566 547 610 584; x_wconf 88' lang='lat' dir='ltr'><strong>mc</strong></span> <span class='ocrx_word' id='word_1_18' title='bbox 622 536 650 585; x_wconf 90' lang='lat' dir='ltr'><strong>et</strong></span> <span class='ocrx_word' id='word_1_19' title='bbox 660 536 721 585; x_wconf 88' lang='lat' dir='ltr'><strong>erat</strong></span> <span class='ocrx_word' id='word_1_20' title='bbox 733 548 830 585; x_wconf 88' lang='lat' dir='ltr'><strong>amans</strong></span> <span class='ocrx_word' id='word_1_21' title='bbox 839 531 998 610; x_wconf 73' lang='lat' dir='ltr'><strong>liberorum.</strong></span> <span class='ocrx_word' id='word_1_22' title='bbox 1018 531 1110 595; x_wconf 78' lang='lat' dir='ltr'><strong>Quare</strong></span> <span class='ocrx_word' id='word_1_23' title='bbox 1121 534 1232 588; x_wconf 90' lang='lat' dir='ltr'><strong>cunctis</strong></span> <span class='ocrx_word' id='word_1_24' title='bbox 1241 535 1324 590; x_wconf 89' lang='lat' dir='ltr'><strong>nobis</strong></span> 
     </span>
     <span class='ocr_line' id='line_1_4' title="bbox 149 598 1251 670; baseline -0.001 -16"><span class='ocrx_word' id='word_1_25' title='bbox 149 617 206 655; x_wconf 86' lang='lat' dir='ltr'><strong>ase</strong></span> <span class='ocrx_word' id='word_1_26' title='bbox 221 617 415 670; x_wconf 79' lang='lat' dir='ltr'><strong>superomnia</strong></span> <span class='ocrx_word' id='word_1_27' title='bbox 429 601 464 652; x_wconf 90' lang='lat' dir='ltr'><strong>de</strong></span> <span class='ocrx_word' id='word_1_28' title='bbox 478 604 545 652; x_wconf 83' lang='lat' dir='ltr'><strong>rctrs</strong></span> <span class='ocrx_word' id='word_1_29' title='bbox 558 598 673 653; x_wconf 88' lang='lat' dir='ltr'><strong>orbatus</strong></span> <span class='ocrx_word' id='word_1_30' title='bbox 688 616 774 652; x_wconf 89' lang='lat' dir='ltr'><strong>senex</strong></span> <span class='ocrx_word' id='word_1_31' title='bbox 786 615 853 670; x_wconf 85' lang='lat' dir='ltr'><strong>prae</strong></span> <span class='ocrx_word' id='word_1_32' title='bbox 865 615 987 652; x_wconf 77' lang='lat' dir='ltr'><strong>maximo</strong></span> <span class='ocrx_word' id='word_1_33' title='bbox 1001 599 1096 654; x_wconf 90' lang='lat' dir='ltr'><strong>dolore</strong></span> <span class='ocrx_word' id='word_1_34' title='bbox 1108 601 1251 655; x_wconf 85' lang='lat' dir='ltr'><strong>occubuit.</strong></span> 
     </span>
    </p>
   </div>
   <div class='ocr_carea' id='block_1_3' title="bbox 147 681 1325 1021">
    <p class='ocr_par' dir='ltr' id='par_1_3' title="bbox 147 681 1325 1021">
     <span class='ocr_line' id='line_1_5' title="bbox 214 681 1323 756; baseline 0.001 -19"><span class='ocrx_word' id='word_1_35' title='bbox 214 683 293 738; x_wconf 86' lang='lat' dir='ltr'>CIII.</span> <span class='ocrx_word' id='word_1_36' title='bbox 328 683 450 737; x_wconf 89' lang='lat' dir='ltr'><strong>Matrem</strong></span> <span class='ocrx_word' id='word_1_37' title='bbox 475 682 565 754; x_wconf 88' lang='lat' dir='ltr'><strong>igitur</strong></span> <span class='ocrx_word' id='word_1_38' title='bbox 587 681 659 736; x_wconf 89' lang='lat' dir='ltr'><strong>haec</strong></span> <span class='ocrx_word' id='word_1_39' title='bbox 682 683 807 738; x_wconf 88' lang='lat' dir='ltr'><strong>locutam</strong></span> <span class='ocrx_word' id='word_1_40' title='bbox 832 682 915 736; x_wconf 89' lang='lat' dir='ltr'><strong>liberi</strong></span> <span class='ocrx_word' id='word_1_41' title='bbox 945 682 1095 738; x_wconf 80' lang='lat' dir='ltr'>audientes</span> <span class='ocrx_word' id='word_1_42' title='bbox 1119 701 1176 738; x_wconf 93' lang='lat' dir='ltr'><strong>non</strong></span> <span class='ocrx_word' id='word_1_43' title='bbox 1200 685 1323 756; x_wconf 90' lang='lat' dir='ltr'><strong>amplius</strong></span> 
     </span>
     <span class='ocr_line' id='line_1_6' title="bbox 148 749 1325 825; baseline 0.001 -19"><span class='ocrx_word' id='word_1_44' title='bbox 148 752 304 807; x_wconf 80' lang='lat' dir='ltr'><strong>secusrdum</strong></span> <span class='ocrx_word' id='word_1_45' title='bbox 327 750 407 806; x_wconf 90' lang='lat' dir='ltr'><strong>Petri</strong></span> <span class='ocrx_word' id='word_1_46' title='bbox 430 749 654 805; x_wconf 82' lang='lat' dir='ltr'><strong>admonitionem</strong></span> <span class='ocrx_word' id='word_1_47' title='bbox 677 767 707 804; x_wconf 90' lang='lat' dir='ltr'><strong>se</strong></span> <span class='ocrx_word' id='word_1_48' title='bbox 731 750 876 804; x_wconf 88' lang='lat' dir='ltr'><strong>continere</strong></span> <span class='ocrx_word' id='word_1_49' title='bbox 900 755 1067 820; x_wconf 88' lang='lat' dir='ltr'><strong>potuerunt:</strong></span> <span class='ocrx_word' id='word_1_50' title='bbox 1098 751 1150 806; x_wconf 88' lang='lat' dir='ltr'><strong>sed</strong></span> <span class='ocrx_word' id='word_1_51' title='bbox 1174 759 1325 825; x_wconf 84' lang='lat' dir='ltr'><strong>surgentes</strong></span> 
     </span>
     <span class='ocr_line' id='line_1_7' title="bbox 148 816 1323 897; baseline 0 -23"><span class='ocrx_word' id='word_1_52' title='bbox 148 818 291 890; x_wconf 80' lang='lat' dir='ltr'><strong>complexi</strong></span> <span class='ocrx_word' id='word_1_53' title='bbox 303 825 369 872; x_wconf 89' lang='lat' dir='ltr'><strong>sunt</strong></span> <span class='ocrx_word' id='word_1_54' title='bbox 385 835 447 872; x_wconf 89' lang='lat' dir='ltr'><strong>eam</strong></span> <span class='ocrx_word' id='word_1_55' title='bbox 465 824 494 872; x_wconf 90' lang='lat' dir='ltr'><strong>et</strong></span> <span class='ocrx_word' id='word_1_56' title='bbox 511 835 574 897; x_wconf 81' lang='lat' dir='ltr'><strong>cum</strong></span> <span class='ocrx_word' id='word_1_57' title='bbox 591 816 690 870; x_wconf 90' lang='lat' dir='ltr'><strong>multis</strong></span> <span class='ocrx_word' id='word_1_58' title='bbox 707 817 831 872; x_wconf 78' lang='lat' dir='ltr'><strong>lacrimis</strong></span> <span class='ocrx_word' id='word_1_59' title='bbox 849 816 980 897; x_wconf 79' lang='lat' dir='ltr'><strong>osculati.</strong></span> <span class='ocrx_word' id='word_1_60' title='bbox 1014 816 1055 872; x_wconf 88' lang='lat' dir='ltr'><strong>At</strong></span> <span class='ocrx_word' id='word_1_61' title='bbox 1071 818 1124 873; x_wconf 91' lang='lat' dir='ltr'><strong>illa</strong></span> <span class='ocrx_word' id='word_1_62' title='bbox 1141 820 1228 874; x_wconf 84' lang='lat' dir='ltr'><strong>dixit:</strong></span> <span class='ocrx_word' id='word_1_63' title='bbox 1248 821 1323 885; x_wconf 85' lang='lat' dir='ltr'><strong>Quid</strong></span> 
     </span>
     <span class='ocr_line' id='line_1_8' title="bbox 147 883 1324 1006; baseline 0.003 -66"><span class='ocrx_word' id='word_1_64' title='bbox 147 887 200 942; x_wconf 89' lang='lat' dir='ltr'><strong>hoe</strong></span> <span class='ocrx_word' id='word_1_65' title='bbox 220 887 278 941; x_wconf 88' lang='lat' dir='ltr'><strong>sibi</strong></span> <span class='ocrx_word' id='word_1_66' title='bbox 298 885 380 966; x_wconf 79' lang='lat' dir='ltr'><strong>vult?</strong></span> <span class='ocrx_word' id='word_1_67' title='bbox 412 885 574 1006; x_wconf 64' lang='lat' dir='ltr'><strong>Respondit</strong></span> <span class='ocrx_word' id='word_1_68' title='bbox 593 885 720 965; x_wconf 43' lang='lat' dir='ltr'><strong>Petrum·</strong></span> <span class='ocrx_word' id='word_1_69' title='bbox 740 883 859 940; x_wconf 87' lang='lat' dir='ltr'><strong>Advoca</strong></span> <span class='ocrx_word' id='word_1_70' title='bbox 875 885 1002 964; x_wconf 67' lang='lat' dir='ltr'><strong>fortiter,</strong></span> <span class='ocrx_word' id='word_1_71' title='bbox 1024 885 1181 968; x_wconf 69' lang='lat' dir='ltr'><strong>ofemina,</strong></span> <span class='ocrx_word' id='word_1_72' title='bbox 1196 887 1324 968; x_wconf 70' lang='lat' dir='ltr'><strong>‚animum</strong></span> 
     </span>
     <span class='ocr_line' id='line_1_9' title="bbox 147 952 1323 1021; baseline -0.001 -12"><span class='ocrx_word' id='word_1_73' title='bbox 147 961 241 1021; x_wconf 89' lang='lat' dir='ltr'><strong>tuum,</strong></span> <span class='ocrx_word' id='word_1_74' title='bbox 259 960 293 1008; x_wconf 91' lang='lat' dir='ltr'><strong>ut</strong></span> <span class='ocrx_word' id='word_1_75' title='bbox 304 960 381 1008; x_wconf 79' lang='lat' dir='ltr'><strong>natis</strong></span> <span class='ocrx_word' id='word_1_76' title='bbox 394 959 452 1006; x_wconf 78' lang='lat' dir='ltr'><strong>turs</strong></span> <span class='ocrx_word' id='word_1_77' title='bbox 477 971 575 1007; x_wconf 83' lang='lat' dir='ltr'><strong>ruarrs.</strong></span> <span class='ocrx_word' id='word_1_78' title='bbox 610 952 996 1007; x_wconf 80' lang='lat' dir='ltr'><strong>Ist1en1msuntFaust1nus</strong></span> <span class='ocrx_word' id='word_1_79' title='bbox 1009 958 1038 1008; x_wconf 90' lang='lat' dir='ltr'><strong>et</strong></span> <span class='ocrx_word' id='word_1_80' title='bbox 1050 953 1255 1010; x_wconf 84' lang='lat' dir='ltr'><strong>Faustrmanus</strong></span> <span class='ocrx_word' id='word_1_81' title='bbox 1269 955 1323 1010; x_wconf 87' lang='lat' dir='ltr'><strong>filu</strong></span> 
     </span>
    </p>
   </div>
   <div class='ocr_carea' id='block_1_4' title="bbox 146 1019 1321 1103">
    <p class='ocr_par' dir='ltr' id='par_1_4' title="bbox 146 1019 1321 1103">
     <span class='ocr_line' id='line_1_10' title="bbox 146 1019 1321 1103; baseline 0.002 -27"><span class='ocrx_word' id='word_1_82' title='bbox 146 1022 205 1089; x_wconf 86' lang='lat' dir='ltr'><strong>tui,</strong></span> <span class='ocrx_word' id='word_1_83' title='bbox 222 1040 295 1103; x_wconf 89' lang='lat' dir='ltr'><strong>quos</strong></span> <span class='ocrx_word' id='word_1_84' title='bbox 311 1021 342 1075; x_wconf 94' lang='lat' dir='ltr'><strong>in</strong></span> <span class='ocrx_word' id='word_1_85' title='bbox 357 1020 496 1092; x_wconf 90' lang='lat' dir='ltr'><strong>profundo</strong></span> <span class='ocrx_word' id='word_1_86' title='bbox 513 1020 633 1092; x_wconf 88' lang='lat' dir='ltr'><strong>periisse</strong></span> <span class='ocrx_word' id='word_1_87' title='bbox 653 1019 770 1074; x_wconf 88' lang='lat' dir='ltr'><strong>dicebas</strong></span> <span class='ocrx_word' id='word_1_88' title='bbox 787 1019 838 1073; x_wconf 92' lang='lat' dir='ltr'><strong>illa</strong></span> <span class='ocrx_word' id='word_1_89' title='bbox 849 1019 979 1074; x_wconf 78' lang='lat' dir='ltr'><strong>horribili</strong></span> <span class='ocrx_word' id='word_1_90' title='bbox 991 1027 1085 1076; x_wconf 74' lang='lat' dir='ltr'><strong>nocte:</strong></span> <span class='ocrx_word' id='word_1_91' title='bbox 1118 1023 1156 1076; x_wconf 88' lang='lat' dir='ltr'><strong>Et</strong></span> <span class='ocrx_word' id='word_1_92' title='bbox 1170 1041 1225 1094; x_wconf 91' lang='lat' dir='ltr'><strong>quo</strong></span> <span class='ocrx_word' id='word_1_93' title='bbox 1237 1023 1321 1078; x_wconf 91' lang='lat' dir='ltr'><strong>modo</strong></span> 
     </span>
    </p>
   </div>
   <div class='ocr_carea' id='block_1_5' title="bbox 145 1085 1324 1482">
    <p class='ocr_par' dir='ltr' id='par_1_5' title="bbox 145 1085 1324 1482">
     <span class='ocr_line' id='line_1_11' title="bbox 146 1085 1322 1162; baseline 0.002 -18"><span class='ocrx_word' id='word_1_94' title='bbox 146 1091 222 1144; x_wconf 88' lang='lat' dir='ltr'><strong>alins</strong></span> <span class='ocrx_word' id='word_1_95' title='bbox 236 1107 363 1160; x_wconf 78' lang='lat' dir='ltr'><strong>ipsorum</strong></span> <span class='ocrx_word' id='word_1_96' title='bbox 374 1087 493 1144; x_wconf 81' lang='lat' dir='ltr'><strong>Nicetes</strong></span> <span class='ocrx_word' id='word_1_97' title='bbox 512 1095 542 1143; x_wconf 91' lang='lat' dir='ltr'><strong>et</strong></span> <span class='ocrx_word' id='word_1_98' title='bbox 558 1089 632 1142; x_wconf 89' lang='lat' dir='ltr'><strong>alius</strong></span> <span class='ocrx_word' id='word_1_99' title='bbox 644 1085 751 1158; x_wconf 86' lang='lat' dir='ltr'><strong>Aquila</strong></span> <span class='ocrx_word' id='word_1_100' title='bbox 762 1087 935 1155; x_wconf 89' lang='lat' dir='ltr'><strong>nominetur,</strong></span> <span class='ocrx_word' id='word_1_101' title='bbox 953 1087 1009 1158; x_wconf 90' lang='lat' dir='ltr'><strong>ipsi</strong></span> <span class='ocrx_word' id='word_1_102' title='bbox 1021 1089 1077 1144; x_wconf 93' lang='lat' dir='ltr'><strong>tibi</strong></span> <span class='ocrx_word' id='word_1_103' title='bbox 1090 1107 1123 1144; x_wconf 90' lang='lat' dir='ltr'><strong>ex</strong></span> <span class='ocrx_word' id='word_1_104' title='bbox 1145 1108 1230 1146; x_wconf 88' lang='lat' dir='ltr'><strong>onere</strong></span> <span class='ocrx_word' id='word_1_105' title='bbox 1242 1096 1322 1162; x_wconf 89' lang='lat' dir='ltr'><strong>pote-</strong></span> 
     </span>
     <span class='ocr_line' id='line_1_12' title="bbox 145 1109 1324 1225; baseline 0.001 -14"><span class='ocrx_word' id='word_1_106' title='bbox 145 1164 226 1224; x_wconf 89' lang='lat' dir='ltr'><strong>runt,</strong></span> <span class='ocrx_word' id='word_1_107' title='bbox 248 1163 279 1211; x_wconf 91' lang='lat' dir='ltr'><strong>et</strong></span> <span class='ocrx_word' id='word_1_108' title='bbox 294 1173 353 1211; x_wconf 88' lang='lat' dir='ltr'><strong>una</strong></span> <span class='ocrx_word' id='word_1_109' title='bbox 369 1161 464 1210; x_wconf 90' lang='lat' dir='ltr'><strong>tecum</strong></span> <span class='ocrx_word' id='word_1_110' title='bbox 481 1157 567 1210; x_wconf 88' lang='lat' dir='ltr'><strong>etiam</strong></span> <span class='ocrx_word' id='word_1_111' title='bbox 585 1173 637 1210; x_wconf 90' lang='lat' dir='ltr'><strong>nos</strong></span> <span class='ocrx_word' id='word_1_112' title='bbox 654 1155 809 1209; x_wconf 80' lang='lat' dir='ltr'><strong>audiemus.</strong></span> <span class='ocrx_word' id='word_1_113' title='bbox 843 1155 902 1210; x_wconf 89' lang='lat' dir='ltr'><strong>Ubi</strong></span> <span class='ocrx_word' id='word_1_114' title='bbox 917 1155 988 1212; x_wconf 88' lang='lat' dir='ltr'><strong>haec</strong></span> <span class='ocrx_word' id='word_1_115' title='bbox 1004 1156 1106 1211; x_wconf 90' lang='lat' dir='ltr'><strong>Petrus</strong></span> <span class='ocrx_word' id='word_1_116' title='bbox 1125 1109 1212 1225; x_wconf 70' lang='lat' dir='ltr'><strong>hirit,</strong></span> <span class='ocrx_word' id='word_1_117' title='bbox 1232 1165 1324 1214; x_wconf 88' lang='lat' dir='ltr'><strong>mater</strong></span> 
     </span>
     <span class='ocr_line' id='line_1_13' title="bbox 147 1223 1322 1343; baseline 0.002 -65"><span class='ocrx_word' id='word_1_118' title='bbox 147 1225 335 1280; x_wconf 83' lang='lat' dir='ltr'><strong>vehementer</strong></span> <span class='ocrx_word' id='word_1_119' title='bbox 352 1225 453 1295; x_wconf 87' lang='lat' dir='ltr'><strong>gavisa</strong></span> <span class='ocrx_word' id='word_1_120' title='bbox 471 1223 596 1343; x_wconf 69' lang='lat' dir='ltr'><strong>deliquio</strong></span> <span class='ocrx_word' id='word_1_121' title='bbox 613 1223 815 1294; x_wconf 89' lang='lat' dir='ltr'><strong>propemodum</strong></span> <span class='ocrx_word' id='word_1_122' title='bbox 829 1225 989 1281; x_wconf 88' lang='lat' dir='ltr'><strong>exanimata</strong></span> <span class='ocrx_word' id='word_1_123' title='bbox 1001 1230 1053 1278; x_wconf 89' lang='lat' dir='ltr'><strong>est.</strong></span> <span class='ocrx_word' id='word_1_124' title='bbox 1088 1226 1244 1295; x_wconf 90' lang='lat' dir='ltr'><strong>Postquam</strong></span> <span class='ocrx_word' id='word_1_125' title='bbox 1256 1243 1322 1280; x_wconf 88' lang='lat' dir='ltr'><strong>vero</strong></span> 
     </span>
     <span class='ocr_line' id='line_1_14' title="bbox 147 1291 1323 1358; baseline 0.001 -12"><span class='ocrx_word' id='word_1_126' title='bbox 147 1292 228 1347; x_wconf 90' lang='lat' dir='ltr'><strong>illam</strong></span> <span class='ocrx_word' id='word_1_127' title='bbox 244 1291 483 1358; x_wconf 83' lang='lat' dir='ltr'><strong>refocillavimus,</strong></span> <span class='ocrx_word' id='word_1_128' title='bbox 505 1309 535 1345; x_wconf 87' lang='lat' dir='ltr'><strong>se</strong></span> <span class='ocrx_word' id='word_1_129' title='bbox 558 1291 581 1344; x_wconf 92' lang='lat' dir='ltr'><strong>it</strong></span> <span class='ocrx_word' id='word_1_130' title='bbox 597 1297 627 1344; x_wconf 90' lang='lat' dir='ltr'><strong>at</strong></span> <span class='ocrx_word' id='word_1_131' title='bbox 648 1308 683 1345; x_wconf 91' lang='lat' dir='ltr'><strong>ue</strong></span> <span class='ocrx_word' id='word_1_132' title='bbox 700 1291 731 1344; x_wconf 92' lang='lat' dir='ltr'><strong>in</strong></span> <span class='ocrx_word' id='word_1_133' title='bbox 748 1297 838 1344; x_wconf 90' lang='lat' dir='ltr'><strong>semet</strong></span> <span class='ocrx_word' id='word_1_134' title='bbox 855 1291 865 1344; x_wconf 93' lang='lat' dir='ltr'><strong>i</strong></span> <span class='ocrx_word' id='word_1_135' title='bbox 887 1310 947 1346; x_wconf 90' lang='lat' dir='ltr'><strong>sam</strong></span> <span class='ocrx_word' id='word_1_136' title='bbox 964 1308 994 1345; x_wconf 90' lang='lat' dir='ltr'><strong>re</strong></span> <span class='ocrx_word' id='word_1_137' title='bbox 1031 1309 1095 1346; x_wconf 87' lang='lat' dir='ltr'><strong>essa</strong></span> <span class='ocrx_word' id='word_1_138' title='bbox 1112 1293 1169 1346; x_wconf 86' lang='lat' dir='ltr'><strong>ait:</strong></span> <span class='ocrx_word' id='word_1_139' title='bbox 1197 1291 1323 1348; x_wconf 84' lang='lat' dir='ltr'><strong>Obsecro</strong></span> 
     </span>
     <span class='ocr_line' id='line_1_15' title="bbox 147 1309 1030 1429; baseline 0.001 -16"><span class='ocrx_word' id='word_1_140' title='bbox 147 1379 213 1428; x_wconf 82' lang='lat' dir='ltr'><strong>vos,</strong></span> <span class='ocrx_word' id='word_1_141' title='bbox 232 1359 394 1422; x_wconf 84' lang='lat' dir='ltr'><strong>dulcissimi</strong></span> <span class='ocrx_word' id='word_1_142' title='bbox 409 1358 477 1428; x_wconf 88' lang='lat' dir='ltr'><strong>filii,</strong></span> <span class='ocrx_word' id='word_1_143' title='bbox 496 1359 584 1414; x_wconf 87' lang='lat' dir='ltr'><strong>dicite</strong></span> <span class='ocrx_word' id='word_1_144' title='bbox 603 1377 641 1412; x_wconf 82' lang='lat' dir='ltr'><strong>mr</strong></span> <span class='ocrx_word' id='word_1_145' title='bbox 663 1357 687 1426; x_wconf 86' lang='lat' dir='ltr'><strong>i,</strong></span> <span class='ocrx_word' id='word_1_146' title='bbox 705 1375 777 1429; x_wconf 89' lang='lat' dir='ltr'><strong>quac</strong></span> <span class='ocrx_word' id='word_1_147' title='bbox 794 1359 856 1413; x_wconf 85' lang='lat' dir='ltr'><strong>acci</strong></span> <span class='ocrx_word' id='word_1_148' title='bbox 878 1359 951 1413; x_wconf 90' lang='lat' dir='ltr'><strong>erint</strong></span> <span class='ocrx_word' id='word_1_149' title='bbox 964 1309 1030 1414; x_wconf 53' lang='lat' dir='ltr'>voffi‘.</span> 
     </span>
     <span class='ocr_line' id='line_1_16' title="bbox 151 1429 394 1482; baseline -0.004 0"><span class='ocrx_word' id='word_1_150' title='bbox 151 1429 258 1482; x_wconf 86' lang='lat' dir='ltr'><strong>ciosam</strong></span> <span class='ocrx_word' id='word_1_151' title='bbox 271 1432 394 1482; x_wconf 88' lang='lat' dir='ltr'><strong>noctem.</strong></span> 
     </span>
    </p>
   </div>
   <div class='ocr_carea' id='block_1_6' title="bbox 145 1509 1323 2463">
    <p class='ocr_par' dir='ltr' id='par_1_6' title="bbox 145 1509 1323 2463">
     <span class='ocr_line' id='line_1_17' title="bbox 217 1509 1323 1580; baseline -0.001 -14"><span class='ocrx_word' id='word_1_152' title='bbox 217 1510 292 1566; x_wconf 83' lang='lat' dir='ltr'><strong>clv.</strong></span> <span class='ocrx_word' id='word_1_153' title='bbox 330 1511 403 1564; x_wconf 89' lang='lat' dir='ltr'><strong>Tum</strong></span> <span class='ocrx_word' id='word_1_154' title='bbox 419 1509 538 1566; x_wconf 84' lang='lat' dir='ltr'><strong>Nicetes</strong></span> <span class='ocrx_word' id='word_1_155' title='bbox 557 1509 653 1580; x_wconf 91' lang='lat' dir='ltr'><strong>coepit</strong></span> <span class='ocrx_word' id='word_1_156' title='bbox 672 1511 781 1564; x_wconf 90' lang='lat' dir='ltr'><strong>dicere:</strong></span> <span class='ocrx_word' id='word_1_157' title='bbox 799 1509 855 1564; x_wconf 91' lang='lat' dir='ltr'><strong>Illa</strong></span> <span class='ocrx_word' id='word_1_158' title='bbox 871 1511 934 1580; x_wconf 87' lang='lat' dir='ltr'><strong>ipsa</strong></span> <span class='ocrx_word' id='word_1_159' title='bbox 946 1519 1030 1564; x_wconf 87' lang='lat' dir='ltr'><strong>noete</strong></span> <span class='ocrx_word' id='word_1_160' title='bbox 1044 1527 1107 1564; x_wconf 87' lang='lat' dir='ltr'><strong>curn</strong></span> <span class='ocrx_word' id='word_1_161' title='bbox 1119 1510 1214 1576; x_wconf 86' lang='lat' dir='ltr'><strong>navis,</strong></span> <span class='ocrx_word' id='word_1_162' title='bbox 1228 1528 1323 1580; x_wconf 92' lang='lat' dir='ltr'><strong>quem-</strong></span> 
     </span>
     <span class='ocr_line' id='line_1_18' title="bbox 147 1577 1321 1648; baseline -0.001 -14"><span class='ocrx_word' id='word_1_163' title='bbox 147 1579 300 1634; x_wconf 88' lang='lat' dir='ltr'><strong>admodum</strong></span> <span class='ocrx_word' id='word_1_164' title='bbox 309 1579 396 1646; x_wconf 90' lang='lat' dir='ltr'><strong>nosti,</strong></span> <span class='ocrx_word' id='word_1_165' title='bbox 408 1578 512 1632; x_wconf 83' lang='lat' dir='ltr'><strong>fuisset</strong></span> <span class='ocrx_word' id='word_1_166' title='bbox 520 1579 656 1645; x_wconf 88' lang='lat' dir='ltr'><strong>resoluta,</strong></span> <span class='ocrx_word' id='word_1_167' title='bbox 669 1577 721 1632; x_wconf 83' lang='lat' dir='ltr'><strong>viri</strong></span> <span class='ocrx_word' id='word_1_168' title='bbox 733 1577 857 1648; x_wconf 92' lang='lat' dir='ltr'><strong>quidam,</strong></span> <span class='ocrx_word' id='word_1_169' title='bbox 870 1579 918 1648; x_wconf 91' lang='lat' dir='ltr'><strong>qui</strong></span> <span class='ocrx_word' id='word_1_170' title='bbox 931 1578 960 1632; x_wconf 92' lang='lat' dir='ltr'><strong>in</strong></span> <span class='ocrx_word' id='word_1_171' title='bbox 972 1577 1043 1632; x_wconf 86' lang='lat' dir='ltr'><strong>mari</strong></span> <span class='ocrx_word' id='word_1_172' title='bbox 1052 1577 1215 1632; x_wconf 88' lang='lat' dir='ltr'><strong>latrocinari</strong></span> <span class='ocrx_word' id='word_1_173' title='bbox 1225 1595 1321 1633; x_wconf 86' lang='lat' dir='ltr'><strong>veren-</strong></span> 
     </span>
     <span class='ocr_line' id='line_1_19' title="bbox 147 1645 1323 1718; baseline -0.002 -16"><span class='ocrx_word' id='word_1_174' title='bbox 147 1654 205 1713; x_wconf 89' lang='lat' dir='ltr'><strong>tur,</strong></span> <span class='ocrx_word' id='word_1_175' title='bbox 223 1651 364 1718; x_wconf 86' lang='lat' dir='ltr'><strong>oeperunt</strong></span> <span class='ocrx_word' id='word_1_176' title='bbox 380 1665 431 1701; x_wconf 91' lang='lat' dir='ltr'><strong>nos</strong></span> <span class='ocrx_word' id='word_1_177' title='bbox 449 1652 479 1700; x_wconf 89' lang='lat' dir='ltr'><strong>et</strong></span> <span class='ocrx_word' id='word_1_178' title='bbox 496 1645 646 1700; x_wconf 83' lang='lat' dir='ltr'><strong>naviculae</strong></span> <span class='ocrx_word' id='word_1_179' title='bbox 663 1645 871 1716; x_wconf 82' lang='lat' dir='ltr'><strong>imposuerunt,</strong></span> <span class='ocrx_word' id='word_1_180' title='bbox 890 1652 920 1700; x_wconf 91' lang='lat' dir='ltr'><strong>et</strong></span> <span class='ocrx_word' id='word_1_181' title='bbox 935 1646 1102 1718; x_wconf 84' lang='lat' dir='ltr'><strong>remigando</strong></span> <span class='ocrx_word' id='word_1_182' title='bbox 1118 1647 1272 1714; x_wconf 90' lang='lat' dir='ltr'><strong>aliquando</strong></span> <span class='ocrx_word' id='word_1_183' title='bbox 1285 1647 1323 1701; x_wconf 91' lang='lat' dir='ltr'><strong>ad</strong></span> 
     </span>
     <span class='ocr_line' id='line_1_20' title="bbox 147 1713 1322 1784; baseline 0 -15"><span class='ocrx_word' id='word_1_184' title='bbox 147 1721 251 1769; x_wconf 87' lang='lat' dir='ltr'><strong>terram</strong></span> <span class='ocrx_word' id='word_1_185' title='bbox 273 1714 455 1782; x_wconf 86' lang='lat' dir='ltr'><strong>deferebant,</strong></span> <span class='ocrx_word' id='word_1_186' title='bbox 477 1713 630 1784; x_wconf 87' lang='lat' dir='ltr'><strong>aliquando</strong></span> <span class='ocrx_word' id='word_1_187' title='bbox 651 1718 681 1768; x_wconf 90' lang='lat' dir='ltr'><strong>et</strong></span> <span class='ocrx_word' id='word_1_188' title='bbox 702 1713 781 1768; x_wconf 90' lang='lat' dir='ltr'><strong>eibos</strong></span> <span class='ocrx_word' id='word_1_189' title='bbox 807 1715 1009 1781; x_wconf 87' lang='lat' dir='ltr'><strong>accersebant,</strong></span> <span class='ocrx_word' id='word_1_190' title='bbox 1031 1713 1128 1784; x_wconf 88' lang='lat' dir='ltr'><strong>sicque</strong></span> <span class='ocrx_word' id='word_1_191' title='bbox 1154 1714 1322 1770; x_wconf 80' lang='lat' dir='ltr'><strong>Caesaream</strong></span> 
     </span>
     <span class='ocr_line' id='line_1_21' title="bbox 148 1781 1321 1854; baseline -0.001 -17"><span class='ocrx_word' id='word_1_192' title='bbox 148 1781 292 1837; x_wconf 84' lang='lat' dir='ltr'><strong>Stratonis</strong></span> <span class='ocrx_word' id='word_1_193' title='bbox 304 1782 503 1854; x_wconf 87' lang='lat' dir='ltr'><strong>perduxerunt.</strong></span> <span class='ocrx_word' id='word_1_194' title='bbox 538 1781 640 1850; x_wconf 89' lang='lat' dir='ltr'><strong>Ibique</strong></span> <span class='ocrx_word' id='word_1_195' title='bbox 658 1799 710 1834; x_wconf 89' lang='lat' dir='ltr'><strong>nos</strong></span> <span class='ocrx_word' id='word_1_196' title='bbox 723 1781 754 1834; x_wconf 93' lang='lat' dir='ltr'><strong>in</strong></span> <span class='ocrx_word' id='word_1_197' title='bbox 765 1781 895 1836; x_wconf 86' lang='lat' dir='ltr'><strong>lacrimas</strong></span> <span class='ocrx_word' id='word_1_198' title='bbox 909 1781 1014 1836; x_wconf 85' lang='lat' dir='ltr'><strong>effusos</strong></span> <span class='ocrx_word' id='word_1_199' title='bbox 1026 1781 1110 1850; x_wconf 85' lang='lat' dir='ltr'><strong>fame,</strong></span> <span class='ocrx_word' id='word_1_200' title='bbox 1123 1789 1210 1849; x_wconf 90' lang='lat' dir='ltr'><strong>metu,</strong></span> <span class='ocrx_word' id='word_1_201' title='bbox 1223 1781 1321 1836; x_wconf 88' lang='lat' dir='ltr'><strong>verbe·</strong></span> 
     </span>
     <span class='ocr_line' id='line_1_22' title="bbox 146 1849 1323 1920; baseline -0.001 -16"><span class='ocrx_word' id='word_1_202' title='bbox 146 1851 224 1904; x_wconf 88' lang='lat' dir='ltr'><strong>ribus</strong></span> <span class='ocrx_word' id='word_1_203' title='bbox 243 1850 405 1918; x_wconf 87' lang='lat' dir='ltr'><strong>terrebant,</strong></span> <span class='ocrx_word' id='word_1_204' title='bbox 422 1867 458 1904; x_wconf 91' lang='lat' dir='ltr'><strong>ne</strong></span> <span class='ocrx_word' id='word_1_205' title='bbox 475 1849 544 1920; x_wconf 92' lang='lat' dir='ltr'><strong>quid</strong></span> <span class='ocrx_word' id='word_1_206' title='bbox 560 1855 666 1903; x_wconf 88' lang='lat' dir='ltr'><strong>temere</strong></span> <span class='ocrx_word' id='word_1_207' title='bbox 684 1857 782 1902; x_wconf 88' lang='lat' dir='ltr'><strong>contra</strong></span> <span class='ocrx_word' id='word_1_208' title='bbox 800 1865 878 1903; x_wconf 89' lang='lat' dir='ltr'><strong>suam</strong></span> <span class='ocrx_word' id='word_1_209' title='bbox 896 1851 1067 1904; x_wconf 86' lang='lat' dir='ltr'><strong>sententiam</strong></span> <span class='ocrx_word' id='word_1_210' title='bbox 1084 1851 1273 1920; x_wconf 87' lang='lat' dir='ltr'><strong>loqueremur,</strong></span> <span class='ocrx_word' id='word_1_211' title='bbox 1293 1855 1323 1904; x_wconf 91' lang='lat' dir='ltr'><strong>et</strong></span> 
     </span>
     <span class='ocr_line' id='line_1_23' title="bbox 146 1917 1322 1988; baseline -0.001 -17"><span class='ocrx_word' id='word_1_212' title='bbox 146 1919 267 1972; x_wconf 88' lang='lat' dir='ltr'><strong>mutatis</strong></span> <span class='ocrx_word' id='word_1_213' title='bbox 280 1918 386 1972; x_wconf 90' lang='lat' dir='ltr'><strong>nostris</strong></span> <span class='ocrx_word' id='word_1_214' title='bbox 398 1917 560 1972; x_wconf 90' lang='lat' dir='ltr'><strong>nominibus</strong></span> <span class='ocrx_word' id='word_1_215' title='bbox 573 1917 696 1970; x_wconf 89' lang='lat' dir='ltr'><strong>vendere</strong></span> <span class='ocrx_word' id='word_1_216' title='bbox 729 1922 869 1970; x_wconf 90' lang='lat' dir='ltr'><strong>otuerunt.</strong></span> <span class='ocrx_word' id='word_1_217' title='bbox 887 1918 973 1972; x_wconf 87' lang='lat' dir='ltr'><strong>Porro</strong></span> <span class='ocrx_word' id='word_1_218' title='bbox 986 1918 1087 1973; x_wconf 91' lang='lat' dir='ltr'><strong>mulier</strong></span> <span class='ocrx_word' id='word_1_219' title='bbox 1095 1919 1233 1988; x_wconf 89' lang='lat' dir='ltr'><strong>quaedam</strong></span> <span class='ocrx_word' id='word_1_220' title='bbox 1246 1917 1322 1988; x_wconf 85' lang='lat' dir='ltr'><strong>apud</strong></span> 
     </span>
     <span class='ocr_line' id='line_1_24' title="bbox 146 1984 1322 2066; baseline 0.002 -28"><span class='ocrx_word' id='word_1_221' title='bbox 146 1984 271 2040; x_wconf 88' lang='lat' dir='ltr'><strong>Iudaeos</strong></span> <span class='ocrx_word' id='word_1_222' title='bbox 289 1986 449 2066; x_wconf 74' lang='lat' dir='ltr'><strong>proselyta,</strong></span> <span class='ocrx_word' id='word_1_223' title='bbox 467 1985 589 2038; x_wconf 89' lang='lat' dir='ltr'><strong>honesta</strong></span> <span class='ocrx_word' id='word_1_224' title='bbox 610 1984 692 2038; x_wconf 89' lang='lat' dir='ltr'><strong>admo</strong></span> <span class='ocrx_word' id='word_1_225' title='bbox 713 2003 774 2050; x_wconf 90' lang='lat' dir='ltr'><strong>um,</strong></span> <span class='ocrx_word' id='word_1_226' title='bbox 795 1984 876 2040; x_wconf 88' lang='lat' dir='ltr'><strong>Iusta</strong></span> <span class='ocrx_word' id='word_1_227' title='bbox 891 1985 1017 2052; x_wconf 91' lang='lat' dir='ltr'><strong>nomine,</strong></span> <span class='ocrx_word' id='word_1_228' title='bbox 1039 2003 1102 2041; x_wconf 92' lang='lat' dir='ltr'><strong>cum</strong></span> <span class='ocrx_word' id='word_1_229' title='bbox 1123 2003 1175 2041; x_wconf 91' lang='lat' dir='ltr'><strong>nos</strong></span> <span class='ocrx_word' id='word_1_230' title='bbox 1196 1986 1322 2051; x_wconf 86' lang='lat' dir='ltr'><strong>emisset,</strong></span> 
     </span>
     <span class='ocr_line' id='line_1_25' title="bbox 147 2051 1322 2124; baseline 0.002 -17"><span class='ocrx_word' id='word_1_231' title='bbox 147 2052 251 2108; x_wconf 90' lang='lat' dir='ltr'><strong>habuit</strong></span> <span class='ocrx_word' id='word_1_232' title='bbox 268 2054 332 2108; x_wconf 91' lang='lat' dir='ltr'><strong>loco</strong></span> <span class='ocrx_word' id='word_1_233' title='bbox 348 2051 471 2107; x_wconf 78' lang='lat' dir='ltr'><strong>filiorum</strong></span> <span class='ocrx_word' id='word_1_234' title='bbox 489 2058 574 2122; x_wconf 87' lang='lat' dir='ltr'><strong>atque</strong></span> <span class='ocrx_word' id='word_1_235' title='bbox 592 2052 722 2106; x_wconf 91' lang='lat' dir='ltr'><strong>omnibus</strong></span> <span class='ocrx_word' id='word_1_236' title='bbox 736 2051 855 2106; x_wconf 83' lang='lat' dir='ltr'><strong>Graecis</strong></span> <span class='ocrx_word' id='word_1_237' title='bbox 869 2053 1030 2124; x_wconf 88' lang='lat' dir='ltr'><strong>disciplinis</strong></span> <span class='ocrx_word' id='word_1_238' title='bbox 1047 2054 1174 2108; x_wconf 89' lang='lat' dir='ltr'><strong>studiose</strong></span> <span class='ocrx_word' id='word_1_239' title='bbox 1190 2053 1322 2109; x_wconf 83' lang='lat' dir='ltr'><strong>erudivit.</strong></span> 
     </span>
     <span class='ocr_line' id='line_1_26' title="bbox 146 2119 1322 2192; baseline -0.003 -17"><span class='ocrx_word' id='word_1_240' title='bbox 146 2120 207 2175; x_wconf 89' lang='lat' dir='ltr'><strong>Nos</strong></span> <span class='ocrx_word' id='word_1_241' title='bbox 220 2139 288 2175; x_wconf 91' lang='lat' dir='ltr'><strong>vero</strong></span> <span class='ocrx_word' id='word_1_242' title='bbox 305 2138 356 2191; x_wconf 90' lang='lat' dir='ltr'><strong>per</strong></span> <span class='ocrx_word' id='word_1_243' title='bbox 373 2126 498 2176; x_wconf 87' lang='lat' dir='ltr'><strong>aetatem</strong></span> <span class='ocrx_word' id='word_1_244' title='bbox 509 2119 664 2190; x_wconf 86' lang='lat' dir='ltr'><strong>prudentes</strong></span> <span class='ocrx_word' id='word_1_245' title='bbox 677 2119 748 2174; x_wconf 89' lang='lat' dir='ltr'><strong>facti</strong></span> <span class='ocrx_word' id='word_1_246' title='bbox 767 2125 796 2174; x_wconf 89' lang='lat' dir='ltr'><strong>et</strong></span> <span class='ocrx_word' id='word_1_247' title='bbox 807 2120 976 2192; x_wconf 89' lang='lat' dir='ltr'><strong>religionem</strong></span> <span class='ocrx_word' id='word_1_248' title='bbox 989 2122 1158 2189; x_wconf 89' lang='lat' dir='ltr'><strong>amavimus,</strong></span> <span class='ocrx_word' id='word_1_249' title='bbox 1174 2127 1204 2177; x_wconf 91' lang='lat' dir='ltr'><strong>et</strong></span> <span class='ocrx_word' id='word_1_250' title='bbox 1216 2121 1322 2176; x_wconf 88' lang='lat' dir='ltr'><strong>litteris</strong></span> 
     </span>
     <span class='ocr_line' id='line_1_27' title="bbox 146 2187 1322 2268; baseline 0 -26"><span class='ocrx_word' id='word_1_251' title='bbox 146 2189 282 2260; x_wconf 86' lang='lat' dir='ltr'><strong>gnaviter</strong></span> <span class='ocrx_word' id='word_1_252' title='bbox 298 2205 411 2258; x_wconf 87' lang='lat' dir='ltr'><strong>operam</strong></span> <span class='ocrx_word' id='word_1_253' title='bbox 428 2188 572 2254; x_wconf 88' lang='lat' dir='ltr'><strong>dedimus,</strong></span> <span class='ocrx_word' id='word_1_254' title='bbox 594 2193 627 2241; x_wconf 91' lang='lat' dir='ltr'><strong>ut</strong></span> <span class='ocrx_word' id='word_1_255' title='bbox 645 2205 707 2241; x_wconf 91' lang='lat' dir='ltr'><strong>cum</strong></span> <span class='ocrx_word' id='word_1_256' title='bbox 723 2187 842 2268; x_wconf 90' lang='lat' dir='ltr'><strong>reliquis</strong></span> <span class='ocrx_word' id='word_1_257' title='bbox 861 2189 996 2260; x_wconf 89' lang='lat' dir='ltr'><strong>gentihus</strong></span> <span class='ocrx_word' id='word_1_258' title='bbox 1014 2189 1194 2260; x_wconf 89' lang='lat' dir='ltr'><strong>disputantes</strong></span> <span class='ocrx_word' id='word_1_259' title='bbox 1216 2206 1265 2245; x_wconf 90' lang='lat' dir='ltr'><strong>eas</strong></span> <span class='ocrx_word' id='word_1_260' title='bbox 1286 2189 1322 2243; x_wconf 90' lang='lat' dir='ltr'><strong>de</strong></span> 
     </span>
     <span class='ocr_line' id='line_1_28' title="bbox 147 2253 1322 2338; baseline 0 -28"><span class='ocrx_word' id='word_1_261' title='bbox 147 2273 241 2311; x_wconf 88' lang='lat' dir='ltr'><strong>errore</strong></span> <span class='ocrx_word' id='word_1_262' title='bbox 260 2273 410 2326; x_wconf 90' lang='lat' dir='ltr'><strong>possemus</strong></span> <span class='ocrx_word' id='word_1_263' title='bbox 431 2271 557 2326; x_wconf 87' lang='lat' dir='ltr'><strong>arguere.</strong></span> <span class='ocrx_word' id='word_1_264' title='bbox 593 2253 651 2309; x_wconf 86' lang='lat' dir='ltr'><strong>Sed</strong></span> <span class='ocrx_word' id='word_1_265' title='bbox 671 2260 700 2309; x_wconf 90' lang='lat' dir='ltr'><strong>et</strong></span> <span class='ocrx_word' id='word_1_266' title='bbox 720 2256 923 2326; x_wconf 83' lang='lat' dir='ltr'><strong>perdrdicimus</strong></span> <span class='ocrx_word' id='word_1_267' title='bbox 963 2257 1174 2338; x_wconf 88' lang='lat' dir='ltr'><strong>hilosophorum</strong></span> <span class='ocrx_word' id='word_1_268' title='bbox 1196 2258 1322 2324; x_wconf 88' lang='lat' dir='ltr'><strong>decreta,</strong></span> 
     </span>
     <span class='ocr_line' id='line_1_29' title="bbox 145 2323 1321 2396; baseline 0 -18"><span class='ocrx_word' id='word_1_269' title='bbox 145 2324 269 2378; x_wconf 86' lang='lat' dir='ltr'><strong>maxime</strong></span> <span class='ocrx_word' id='word_1_270' title='bbox 282 2341 354 2394; x_wconf 89' lang='lat' dir='ltr'><strong>quae</strong></span> <span class='ocrx_word' id='word_1_271' title='bbox 367 2341 385 2378; x_wconf 94' lang='lat' dir='ltr'><strong>a</strong></span> <span class='ocrx_word' id='word_1_272' title='bbox 396 2323 505 2394; x_wconf 91' lang='lat' dir='ltr'><strong>pietate</strong></span> <span class='ocrx_word' id='word_1_273' title='bbox 518 2323 548 2377; x_wconf 91' lang='lat' dir='ltr'><strong>in</strong></span> <span class='ocrx_word' id='word_1_274' title='bbox 559 2323 653 2377; x_wconf 91' lang='lat' dir='ltr'><strong>Deum</strong></span> <span class='ocrx_word' id='word_1_275' title='bbox 665 2323 842 2395; x_wconf 77' lang='lat' dir='ltr'><strong>alienissima</strong></span> <span class='ocrx_word' id='word_1_276' title='bbox 853 2329 933 2391; x_wconf 90' lang='lat' dir='ltr'><strong>sunt,</strong></span> <span class='ocrx_word' id='word_1_277' title='bbox 976 2325 1067 2395; x_wconf 86' lang='lat' dir='ltr'><strong>picurr</strong></span> <span class='ocrx_word' id='word_1_278' title='bbox 1084 2325 1199 2395; x_wconf 90' lang='lat' dir='ltr'><strong>inquam</strong></span> <span class='ocrx_word' id='word_1_279' title='bbox 1211 2330 1241 2379; x_wconf 88' lang='lat' dir='ltr'><strong>et</strong></span> <span class='ocrx_word' id='word_1_280' title='bbox 1252 2325 1321 2396; x_wconf 84' lang='lat' dir='ltr'><strong>Pyr·</strong></span> 
     </span>
     <span class='ocr_line' id='line_1_30' title="bbox 146 2390 763 2463; baseline -0.005 -17"><span class='ocrx_word' id='word_1_281' title='bbox 146 2391 258 2458; x_wconf 90' lang='lat' dir='ltr'><strong>rhonis,</strong></span> <span class='ocrx_word' id='word_1_282' title='bbox 272 2409 327 2462; x_wconf 93' lang='lat' dir='ltr'><strong>quo</strong></span> <span class='ocrx_word' id='word_1_283' title='bbox 340 2391 432 2463; x_wconf 89' lang='lat' dir='ltr'><strong>magis</strong></span> <span class='ocrx_word' id='word_1_284' title='bbox 445 2407 593 2462; x_wconf 89' lang='lat' dir='ltr'><strong>possemus</strong></span> <span class='ocrx_word' id='word_1_285' title='bbox 606 2390 763 2445; x_wconf 86' lang='lat' dir='ltr'><strong>confutare.</strong></span> 
     </span>
    </p>
   </div>
   <div class='ocr_carea' id='block_1_7' title="bbox 146 2473 1322 3140">
    <p class='ocr_par' dir='ltr' id='par_1_7' title="bbox 146 2473 1322 3140">
     <span class='ocr_line' id='line_1_31' title="bbox 216 2473 1322 2546; baseline -0.001 -17"><span class='ocrx_word' id='word_1_286' title='bbox 216 2474 275 2530; x_wconf 83' lang='lat' dir='ltr'><strong>CV.</strong></span> <span class='ocrx_word' id='word_1_287' title='bbox 312 2475 463 2530; x_wconf 83' lang='lat' dir='ltr'><strong>Caeterum</strong></span> <span class='ocrx_word' id='word_1_288' title='bbox 479 2493 536 2529; x_wconf 91' lang='lat' dir='ltr'><strong>una</strong></span> <span class='ocrx_word' id='word_1_289' title='bbox 552 2493 616 2529; x_wconf 92' lang='lat' dir='ltr'><strong>cum</strong></span> <span class='ocrx_word' id='word_1_290' title='bbox 629 2474 741 2529; x_wconf 86' lang='lat' dir='ltr'><strong>Simone</strong></span> <span class='ocrx_word' id='word_1_291' title='bbox 773 2473 876 2528; x_wconf 92' lang='lat' dir='ltr'><strong>uodam</strong></span> <span class='ocrx_word' id='word_1_292' title='bbox 889 2492 972 2546; x_wconf 91' lang='lat' dir='ltr'><strong>mago</strong></span> <span class='ocrx_word' id='word_1_293' title='bbox 986 2474 1115 2542; x_wconf 89' lang='lat' dir='ltr'><strong>educati,</strong></span> <span class='ocrx_word' id='word_1_294' title='bbox 1130 2474 1240 2529; x_wconf 88' lang='lat' dir='ltr'><strong>ratione</strong></span> <span class='ocrx_word' id='word_1_295' title='bbox 1253 2475 1322 2528; x_wconf 90' lang='lat' dir='ltr'><strong>ami-</strong></span> 
     </span>
     <span class='ocr_line' id='line_1_32' title="bbox 146 2541 1321 2612; baseline 0 -15"><span class='ocrx_word' id='word_1_296' title='bbox 146 2543 237 2597; x_wconf 88' lang='lat' dir='ltr'><strong>citiae</strong></span> <span class='ocrx_word' id='word_1_297' title='bbox 253 2543 284 2597; x_wconf 90' lang='lat' dir='ltr'><strong>in</strong></span> <span class='ocrx_word' id='word_1_298' title='bbox 300 2541 399 2598; x_wconf 83' lang='lat' dir='ltr'><strong>fraude</strong></span> <span class='ocrx_word' id='word_1_299' title='bbox 418 2543 477 2598; x_wconf 85' lang='lat' dir='ltr'><strong>fere</strong></span> <span class='ocrx_word' id='word_1_300' title='bbox 496 2541 606 2597; x_wconf 89' lang='lat' dir='ltr'><strong>inducti</strong></span> <span class='ocrx_word' id='word_1_301' title='bbox 623 2541 735 2595; x_wconf 84' lang='lat' dir='ltr'><strong>fuimus.</strong></span> <span class='ocrx_word' id='word_1_302' title='bbox 798 2558 875 2594; x_wconf 89' lang='lat' dir='ltr'><strong>erum</strong></span> <span class='ocrx_word' id='word_1_303' title='bbox 892 2541 949 2596; x_wconf 90' lang='lat' dir='ltr'><strong>ista</strong></span> <span class='ocrx_word' id='word_1_304' title='bbox 964 2543 1020 2597; x_wconf 90' lang='lat' dir='ltr'><strong>tibi</strong></span> <span class='ocrx_word' id='word_1_305' title='bbox 1037 2547 1128 2596; x_wconf 91' lang='lat' dir='ltr'><strong>mater</strong></span> <span class='ocrx_word' id='word_1_306' title='bbox 1145 2542 1175 2595; x_wconf 91' lang='lat' dir='ltr'><strong>in</strong></span> <span class='ocrx_word' id='word_1_307' title='bbox 1195 2548 1321 2612; x_wconf 88' lang='lat' dir='ltr'><strong>tempore</strong></span> 
     </span>
     <span class='ocr_line' id='line_1_33' title="bbox 148 2609 1321 2681; baseline 0.001 -18"><span class='ocrx_word' id='word_1_308' title='bbox 148 2611 201 2663; x_wconf 93' lang='lat' dir='ltr'><strong>dili</strong></span> <span class='ocrx_word' id='word_1_309' title='bbox 226 2611 321 2664; x_wconf 89' lang='lat' dir='ltr'><strong>entius</strong></span> <span class='ocrx_word' id='word_1_310' title='bbox 332 2618 514 2681; x_wconf 88' lang='lat' dir='ltr'><strong>exponentur.</strong></span> <span class='ocrx_word' id='word_1_311' title='bbox 532 2610 592 2665; x_wconf 88' lang='lat' dir='ltr'><strong>Nos</strong></span> <span class='ocrx_word' id='word_1_312' title='bbox 603 2609 717 2664; x_wconf 89' lang='lat' dir='ltr'><strong>interim</strong></span> <span class='ocrx_word' id='word_1_313' title='bbox 727 2627 790 2663; x_wconf 92' lang='lat' dir='ltr'><strong>cum</strong></span> <span class='ocrx_word' id='word_1_314' title='bbox 799 2625 890 2678; x_wconf 86' lang='lat' dir='ltr'><strong>paene</strong></span> <span class='ocrx_word' id='word_1_315' title='bbox 900 2609 956 2664; x_wconf 92' lang='lat' dir='ltr'><strong>iam</strong></span> <span class='ocrx_word' id='word_1_316' title='bbox 966 2610 1186 2680; x_wconf 87' lang='lat' dir='ltr'><strong>deciperemura</strong></span> <span class='ocrx_word' id='word_1_317' title='bbox 1197 2609 1321 2678; x_wconf 89' lang='lat' dir='ltr'><strong>Simone,</strong></span> 
     </span>
     <span class='ocr_line' id='line_1_34' title="bbox 147 2629 1321 2750; baseline -0.002 -18"><span class='ocrx_word' id='word_1_318' title='bbox 147 2629 266 2748; x_wconf 61' lang='lat' dir='ltr'><strong>quitiam</strong></span> <span class='ocrx_word' id='word_1_319' title='bbox 285 2679 399 2750; x_wconf 89' lang='lat' dir='ltr'><strong>collega</strong></span> <span class='ocrx_word' id='word_1_320' title='bbox 417 2677 524 2732; x_wconf 92' lang='lat' dir='ltr'><strong>domini</strong></span> <span class='ocrx_word' id='word_1_321' title='bbox 541 2678 632 2732; x_wconf 88' lang='lat' dir='ltr'><strong>nostri</strong></span> <span class='ocrx_word' id='word_1_322' title='bbox 648 2678 728 2732; x_wconf 90' lang='lat' dir='ltr'><strong>Petri</strong></span> <span class='ocrx_word' id='word_1_323' title='bbox 745 2677 907 2731; x_wconf 86' lang='lat' dir='ltr'><strong>Zacchaeus</strong></span> <span class='ocrx_word' id='word_1_324' title='bbox 923 2678 1037 2732; x_wconf 90' lang='lat' dir='ltr'><strong>nomine</strong></span> <span class='ocrx_word' id='word_1_325' title='bbox 1049 2677 1190 2732; x_wconf 84' lang='lat' dir='ltr'><strong>accedens</strong></span> <span class='ocrx_word' id='word_1_326' title='bbox 1202 2678 1321 2745; x_wconf 91' lang='lat' dir='ltr'><strong>monuit,</strong></span> 
     </span>
     <span class='ocr_line' id='line_1_35' title="bbox 146 2745 1321 2818; baseline -0.001 -17"><span class='ocrx_word' id='word_1_327' title='bbox 146 2765 185 2801; x_wconf 90' lang='lat' dir='ltr'><strong>ne</strong></span> <span class='ocrx_word' id='word_1_328' title='bbox 197 2747 363 2801; x_wconf 81' lang='lat' dir='ltr'><strong>falleremur</strong></span> <span class='ocrx_word' id='word_1_329' title='bbox 374 2765 391 2801; x_wconf 91' lang='lat' dir='ltr'><strong>a</strong></span> <span class='ocrx_word' id='word_1_330' title='bbox 402 2765 496 2818; x_wconf 89' lang='lat' dir='ltr'><strong>mago,</strong></span> <span class='ocrx_word' id='word_1_331' title='bbox 510 2751 539 2800; x_wconf 91' lang='lat' dir='ltr'><strong>et</strong></span> <span class='ocrx_word' id='word_1_332' title='bbox 551 2747 636 2800; x_wconf 90' lang='lat' dir='ltr'><strong>Petro</strong></span> <span class='ocrx_word' id='word_1_333' title='bbox 650 2745 815 2800; x_wconf 86' lang='lat' dir='ltr'><strong>advenienti</strong></span> <span class='ocrx_word' id='word_1_334' title='bbox 827 2762 879 2799; x_wconf 89' lang='lat' dir='ltr'><strong>nos</strong></span> <span class='ocrx_word' id='word_1_335' title='bbox 891 2745 1006 2812; x_wconf 88' lang='lat' dir='ltr'><strong>obtulit,</strong></span> <span class='ocrx_word' id='word_1_336' title='bbox 1018 2752 1051 2800; x_wconf 88' lang='lat' dir='ltr'><strong>ut</strong></span> <span class='ocrx_word' id='word_1_337' title='bbox 1063 2746 1098 2800; x_wconf 89' lang='lat' dir='ltr'><strong>ab</strong></span> <span class='ocrx_word' id='word_1_338' title='bbox 1111 2745 1174 2815; x_wconf 92' lang='lat' dir='ltr'><strong>ipso</strong></span> <span class='ocrx_word' id='word_1_339' title='bbox 1183 2745 1321 2816; x_wconf 88' lang='lat' dir='ltr'><strong>perfecte,</strong></span> 
     </span>
     <span class='ocr_line' id='line_1_36' title="bbox 147 2813 1321 2886; baseline -0.003 -16"><span class='ocrx_word' id='word_1_340' title='bbox 147 2831 221 2884; x_wconf 84' lang='lat' dir='ltr'><strong>quae</strong></span> <span class='ocrx_word' id='word_1_341' title='bbox 235 2819 368 2884; x_wconf 88' lang='lat' dir='ltr'><strong>spectant</strong></span> <span class='ocrx_word' id='word_1_342' title='bbox 380 2815 417 2869; x_wconf 91' lang='lat' dir='ltr'><strong>ad</strong></span> <span class='ocrx_word' id='word_1_343' title='bbox 430 2815 538 2868; x_wconf 89' lang='lat' dir='ltr'><strong>cultum</strong></span> <span class='ocrx_word' id='word_1_344' title='bbox 549 2813 617 2880; x_wconf 88' lang='lat' dir='ltr'><strong>Dei,</strong></span> <span class='ocrx_word' id='word_1_345' title='bbox 631 2815 801 2868; x_wconf 88' lang='lat' dir='ltr'><strong>doceremur.</strong></span> <span class='ocrx_word' id='word_1_346' title='bbox 837 2813 929 2878; x_wconf 78' lang='lat' dir='ltr'><strong>Quare</strong></span> <span class='ocrx_word' id='word_1_347' title='bbox 943 2814 1030 2868; x_wconf 89' lang='lat' dir='ltr'><strong>etiam</strong></span> <span class='ocrx_word' id='word_1_348' title='bbox 1041 2820 1071 2868; x_wconf 88' lang='lat' dir='ltr'><strong>te</strong></span> <span class='ocrx_word' id='word_1_349' title='bbox 1084 2831 1208 2880; x_wconf 88' lang='lat' dir='ltr'><strong>oramus,</strong></span> <span class='ocrx_word' id='word_1_350' title='bbox 1221 2819 1321 2886; x_wconf 81' lang='lat' dir='ltr'><strong>mater,</strong></span> 
     </span>
     <span class='ocr_line' id='line_1_37' title="bbox 146 2879 1321 2953; baseline -0.001 -18"><span class='ocrx_word' id='word_1_351' title='bbox 146 2887 181 2935; x_wconf 92' lang='lat' dir='ltr'><strong>ut</strong></span> <span class='ocrx_word' id='word_1_352' title='bbox 193 2899 265 2952; x_wconf 87' lang='lat' dir='ltr'><strong>quae</strong></span> <span class='ocrx_word' id='word_1_353' title='bbox 278 2899 330 2936; x_wconf 91' lang='lat' dir='ltr'><strong>nos</strong></span> <span class='ocrx_word' id='word_1_354' title='bbox 343 2883 490 2937; x_wconf 88' lang='lat' dir='ltr'><strong>consecuti</strong></span> <span class='ocrx_word' id='word_1_355' title='bbox 501 2899 596 2934; x_wconf 91' lang='lat' dir='ltr'><strong>sumus</strong></span> <span class='ocrx_word' id='word_1_356' title='bbox 605 2881 690 2948; x_wconf 91' lang='lat' dir='ltr'><strong>bona,</strong></span> <span class='ocrx_word' id='word_1_357' title='bbox 703 2881 755 2936; x_wconf 90' lang='lat' dir='ltr'><strong>illa</strong></span> <span class='ocrx_word' id='word_1_358' title='bbox 765 2887 794 2935; x_wconf 90' lang='lat' dir='ltr'><strong>et</strong></span> <span class='ocrx_word' id='word_1_359' title='bbox 803 2886 835 2935; x_wconf 90' lang='lat' dir='ltr'><strong>tu</strong></span> <span class='ocrx_word' id='word_1_360' title='bbox 844 2881 922 2952; x_wconf 89' lang='lat' dir='ltr'><strong>perci</strong></span> <span class='ocrx_word' id='word_1_361' title='bbox 944 2881 996 2951; x_wconf 89' lang='lat' dir='ltr'><strong>ias,</strong></span> <span class='ocrx_word' id='word_1_362' title='bbox 1010 2899 1065 2953; x_wconf 91' lang='lat' dir='ltr'><strong>quo</strong></span> <span class='ocrx_word' id='word_1_363' title='bbox 1075 2881 1216 2952; x_wconf 90' lang='lat' dir='ltr'><strong>possimus</strong></span> <span class='ocrx_word' id='word_1_364' title='bbox 1227 2879 1321 2935; x_wconf 90' lang='lat' dir='ltr'><strong>cibum</strong></span> 
     </span>
     <span class='ocr_line' id='line_1_38' title="bbox 148 2901 1321 3030; baseline -0.002 -26"><span class='ocrx_word' id='word_1_365' title='bbox 148 2954 180 3004; x_wconf 86' lang='lat' dir='ltr'><strong>et</strong></span> <span class='ocrx_word' id='word_1_366' title='bbox 191 2967 319 3004; x_wconf 91' lang='lat' dir='ltr'><strong>mensam</strong></span> <span class='ocrx_word' id='word_1_367' title='bbox 329 2949 434 3004; x_wconf 87' lang='lat' dir='ltr'><strong>habere</strong></span> <span class='ocrx_word' id='word_1_368' title='bbox 448 2967 630 3004; x_wconf 88' lang='lat' dir='ltr'><strong>communem.</strong></span> <span class='ocrx_word' id='word_1_369' title='bbox 665 2949 711 3004; x_wconf 89' lang='lat' dir='ltr'><strong>Ea</strong></span> <span class='ocrx_word' id='word_1_370' title='bbox 721 2950 809 3030; x_wconf 87' lang='lat' dir='ltr'><strong>igitur</strong></span> <span class='ocrx_word' id='word_1_371' title='bbox 821 2967 908 3004; x_wconf 90' lang='lat' dir='ltr'><strong>causa</strong></span> <span class='ocrx_word' id='word_1_372' title='bbox 919 2901 988 3018; x_wconf 72' lang='lat' dir='ltr'><strong>hit,</strong></span> <span class='ocrx_word' id='word_1_373' title='bbox 1001 2957 1211 3022; x_wconf 88' lang='lat' dir='ltr'><strong>propterquam</strong></span> <span class='ocrx_word' id='word_1_374' title='bbox 1224 2949 1321 3004; x_wconf 87' lang='lat' dir='ltr'><strong>existi-</strong></span> 
     </span>
     <span class='ocr_line' id='line_1_39' title="bbox 146 3016 1322 3091; baseline 0.001 -21"><span class='ocrx_word' id='word_1_375' title='bbox 146 3017 235 3071; x_wconf 89' lang='lat' dir='ltr'><strong>masti</strong></span> <span class='ocrx_word' id='word_1_376' title='bbox 255 3035 307 3072; x_wconf 90' lang='lat' dir='ltr'><strong>nos</strong></span> <span class='ocrx_word' id='word_1_377' title='bbox 328 3017 448 3085; x_wconf 90' lang='lat' dir='ltr'><strong>obiisse,</strong></span> <span class='ocrx_word' id='word_1_378' title='bbox 473 3017 550 3088; x_wconf 90' lang='lat' dir='ltr'><strong>qued</strong></span> <span class='ocrx_word' id='word_1_379' title='bbox 568 3035 603 3072; x_wconf 86' lang='lat' dir='ltr'><strong>ea</strong></span> <span class='ocrx_word' id='word_1_380' title='bbox 624 3016 796 3072; x_wconf 77' lang='lat' dir='ltr'><strong>difficillima</strong></span> <span class='ocrx_word' id='word_1_381' title='bbox 817 3024 900 3072; x_wconf 88' lang='lat' dir='ltr'><strong>noete</strong></span> <span class='ocrx_word' id='word_1_382' title='bbox 917 3037 934 3074; x_wconf 91' lang='lat' dir='ltr'><strong>a</strong></span> <span class='ocrx_word' id='word_1_383' title='bbox 950 3019 1051 3090; x_wconf 88' lang='lat' dir='ltr'><strong>piratis</strong></span> <span class='ocrx_word' id='word_1_384' title='bbox 1072 3019 1103 3072; x_wconf 92' lang='lat' dir='ltr'><strong>in</strong></span> <span class='ocrx_word' id='word_1_385' title='bbox 1123 3019 1227 3091; x_wconf 89' lang='lat' dir='ltr'><strong>pelago</strong></span> <span class='ocrx_word' id='word_1_386' title='bbox 1246 3018 1322 3090; x_wconf 89' lang='lat' dir='ltr'><strong>rapti</strong></span> 
     </span>
     <span class='ocr_line' id='line_1_40' title="bbox 148 3103 253 3140; baseline -0.019 -2"><span class='ocrx_word' id='word_1_387' title='bbox 148 3103 253 3140; x_wconf 89' lang='lat' dir='ltr'><strong>sumus.</strong></span> 
     </span>
    </p>
   </div>
   <div class='ocr_carea' id='block_1_8' title="bbox 147 3167 1321 3765">
    <p class='ocr_par' dir='ltr' id='par_1_8' title="bbox 147 3167 1321 3765">
     <span class='ocr_line' id='line_1_41' title="bbox 218 3167 1321 3240; baseline 0 -17"><span class='ocrx_word' id='word_1_388' title='bbox 218 3168 292 3225; x_wconf 83' lang='lat' dir='ltr'><strong>cvl.</strong></span> <span class='ocrx_word' id='word_1_389' title='bbox 327 3167 399 3223; x_wconf 77' lang='lat' dir='ltr'><strong>Cum</strong></span> <span class='ocrx_word' id='word_1_390' title='bbox 415 3169 487 3224; x_wconf 90' lang='lat' dir='ltr'><strong>haec</strong></span> <span class='ocrx_word' id='word_1_391' title='bbox 504 3168 626 3222; x_wconf 87' lang='lat' dir='ltr'><strong>dixisset</strong></span> <span class='ocrx_word' id='word_1_392' title='bbox 639 3167 809 3234; x_wconf 86' lang='lat' dir='ltr'><strong>Faustinus,</strong></span> <span class='ocrx_word' id='word_1_393' title='bbox 826 3177 917 3224; x_wconf 87' lang='lat' dir='ltr'><strong>mater</strong></span> <span class='ocrx_word' id='word_1_394' title='bbox 933 3175 1031 3224; x_wconf 86' lang='lat' dir='ltr'><strong>nostra</strong></span> <span class='ocrx_word' id='word_1_395' title='bbox 1048 3171 1221 3240; x_wconf 89' lang='lat' dir='ltr'><strong>prociditad</strong></span> <span class='ocrx_word' id='word_1_396' title='bbox 1253 3171 1321 3224; x_wconf 87' lang='lat' dir='ltr'><strong>edes</strong></span> 
     </span>
     <span class='ocr_line' id='line_1_42' title="bbox 148 3190 1321 3308; baseline -0.001 -17"><span class='ocrx_word' id='word_1_397' title='bbox 148 3236 229 3291; x_wconf 89' lang='lat' dir='ltr'><strong>Petri</strong></span> <span class='ocrx_word' id='word_1_398' title='bbox 241 3253 347 3308; x_wconf 88' lang='lat' dir='ltr'><strong>rogans</strong></span> <span class='ocrx_word' id='word_1_399' title='bbox 360 3242 389 3291; x_wconf 88' lang='lat' dir='ltr'><strong>et</strong></span> <span class='ocrx_word' id='word_1_400' title='bbox 402 3237 570 3304; x_wconf 88' lang='lat' dir='ltr'><strong>obsecrans,</strong></span> <span class='ocrx_word' id='word_1_401' title='bbox 588 3241 621 3290; x_wconf 93' lang='lat' dir='ltr'><strong>ut</strong></span> <span class='ocrx_word' id='word_1_402' title='bbox 634 3243 663 3290; x_wconf 89' lang='lat' dir='ltr'><strong>et</strong></span> <span class='ocrx_word' id='word_1_403' title='bbox 675 3235 766 3306; x_wconf 88' lang='lat' dir='ltr'><strong>ipsam</strong></span> <span class='ocrx_word' id='word_1_404' title='bbox 779 3241 808 3290; x_wconf 88' lang='lat' dir='ltr'><strong>et</strong></span> <span class='ocrx_word' id='word_1_405' title='bbox 820 3235 963 3306; x_wconf 89' lang='lat' dir='ltr'><strong>hospitam</strong></span> <span class='ocrx_word' id='word_1_406' title='bbox 977 3253 1055 3289; x_wconf 88' lang='lat' dir='ltr'><strong>suam</strong></span> <span class='ocrx_word' id='word_1_407' title='bbox 1069 3243 1216 3292; x_wconf 88' lang='lat' dir='ltr'><strong>evocatam</strong></span> <span class='ocrx_word' id='word_1_408' title='bbox 1227 3190 1321 3307; x_wconf 61' lang='lat' dir='ltr'><strong>bapti-</strong></span> 
     </span>
     <span class='ocr_line' id='line_1_43' title="bbox 149 3303 1321 3384; baseline 0.001 -27"><span class='ocrx_word' id='word_1_409' title='bbox 149 3310 245 3384; x_wconf 72' lang='lat' dir='ltr'><strong>zaret,</strong></span> <span class='ocrx_word' id='word_1_410' title='bbox 258 3306 302 3358; x_wconf 90' lang='lat' dir='ltr'><strong>uti</strong></span> <span class='ocrx_word' id='word_1_411' title='bbox 313 3322 349 3358; x_wconf 90' lang='lat' dir='ltr'><strong>ne</strong></span> <span class='ocrx_word' id='word_1_412' title='bbox 360 3322 430 3371; x_wconf 88' lang='lat' dir='ltr'><strong>una,</strong></span> <span class='ocrx_word' id='word_1_413' title='bbox 449 3304 556 3384; x_wconf 89' lang='lat' dir='ltr'><strong>inquit,</strong></span> <span class='ocrx_word' id='word_1_414' title='bbox 574 3304 636 3358; x_wconf 88' lang='lat' dir='ltr'><strong>dies</strong></span> <span class='ocrx_word' id='word_1_415' title='bbox 649 3303 828 3370; x_wconf 86' lang='lat' dir='ltr'><strong>excludatur,</strong></span> <span class='ocrx_word' id='word_1_416' title='bbox 846 3321 880 3357; x_wconf 88' lang='lat' dir='ltr'><strong>ex</strong></span> <span class='ocrx_word' id='word_1_417' title='bbox 897 3320 952 3372; x_wconf 92' lang='lat' dir='ltr'><strong>quo</strong></span> <span class='ocrx_word' id='word_1_418' title='bbox 964 3308 1046 3356; x_wconf 89' lang='lat' dir='ltr'><strong>natos</strong></span> <span class='ocrx_word' id='word_1_419' title='bbox 1058 3319 1136 3358; x_wconf 85' lang='lat' dir='ltr'><strong>meos</strong></span> <span class='ocrx_word' id='word_1_420' title='bbox 1147 3305 1252 3374; x_wconf 89' lang='lat' dir='ltr'><strong>recepi,</strong></span> <span class='ocrx_word' id='word_1_421' title='bbox 1266 3321 1321 3373; x_wconf 87' lang='lat' dir='ltr'><strong>qua</strong></span> 
     </span>
     <span class='ocr_line' id='line_1_44' title="bbox 149 3369 1320 3442; baseline -0.002 -16"><span class='ocrx_word' id='word_1_422' title='bbox 149 3390 213 3426; x_wconf 93' lang='lat' dir='ltr'><strong>cum</strong></span> <span class='ocrx_word' id='word_1_423' title='bbox 225 3372 262 3425; x_wconf 83' lang='lat' dir='ltr'><strong>irs</strong></span> <span class='ocrx_word' id='word_1_424' title='bbox 280 3389 337 3426; x_wconf 92' lang='lat' dir='ltr'><strong>non</strong></span> <span class='ocrx_word' id='word_1_425' title='bbox 354 3389 520 3442; x_wconf 84' lang='lat' dir='ltr'><strong>sumpserrm</strong></span> <span class='ocrx_word' id='word_1_426' title='bbox 538 3371 640 3426; x_wconf 90' lang='lat' dir='ltr'><strong>cibum.</strong></span> <span class='ocrx_word' id='word_1_427' title='bbox 676 3369 802 3440; x_wconf 80' lang='lat' dir='ltr'><strong>Cumque</strong></span> <span class='ocrx_word' id='word_1_428' title='bbox 819 3388 871 3424; x_wconf 91' lang='lat' dir='ltr'><strong>nos</strong></span> <span class='ocrx_word' id='word_1_429' title='bbox 889 3370 989 3424; x_wconf 89' lang='lat' dir='ltr'><strong>eadem</strong></span> <span class='ocrx_word' id='word_1_430' title='bbox 1006 3385 1078 3437; x_wconf 89' lang='lat' dir='ltr'><strong>quae</strong></span> <span class='ocrx_word' id='word_1_431' title='bbox 1094 3376 1184 3424; x_wconf 84' lang='lat' dir='ltr'><strong>mater·</strong></span> <span class='ocrx_word' id='word_1_432' title='bbox 1197 3387 1320 3440; x_wconf 89' lang='lat' dir='ltr'><strong>compre-</strong></span> 
     </span>
     <span class='ocr_line' id='line_1_45' title="bbox 150 3436 1321 3508; baseline -0.003 -14"><span class='ocrx_word' id='word_1_433' title='bbox 150 3457 290 3506; x_wconf 87' lang='lat' dir='ltr'><strong>caremur,</strong></span> <span class='ocrx_word' id='word_1_434' title='bbox 307 3440 410 3494; x_wconf 89' lang='lat' dir='ltr'><strong>Petrus</strong></span> <span class='ocrx_word' id='word_1_435' title='bbox 428 3441 483 3494; x_wconf 91' lang='lat' dir='ltr'><strong>ait:</strong></span> <span class='ocrx_word' id='word_1_436' title='bbox 503 3439 578 3504; x_wconf 81' lang='lat' dir='ltr'><strong>Quid</strong></span> <span class='ocrx_word' id='word_1_437' title='bbox 595 3438 717 3508; x_wconf 90' lang='lat' dir='ltr'><strong>putatis,</strong></span> <span class='ocrx_word' id='word_1_438' title='bbox 735 3456 779 3492; x_wconf 92' lang='lat' dir='ltr'><strong>me</strong></span> <span class='ocrx_word' id='word_1_439' title='bbox 792 3436 1042 3492; x_wconf 87' lang='lat' dir='ltr'><strong>immisericordem</strong></span> <span class='ocrx_word' id='word_1_440' title='bbox 1056 3453 1119 3490; x_wconf 86' lang='lat' dir='ltr'><strong>esse</strong></span> <span class='ocrx_word' id='word_1_441' title='bbox 1132 3439 1232 3504; x_wconf 86' lang='lat' dir='ltr'><strong>solum,</strong></span> <span class='ocrx_word' id='word_1_442' title='bbox 1245 3439 1321 3507; x_wconf 89' lang='lat' dir='ltr'><strong>quod</strong></span> 
     </span>
     <span class='ocr_line' id='line_1_46' title="bbox 148 3502 1320 3574; baseline -0.003 -12"><span class='ocrx_word' id='word_1_443' title='bbox 148 3507 237 3562; x_wconf 90' lang='lat' dir='ltr'><strong>nolim</strong></span> <span class='ocrx_word' id='word_1_444' title='bbox 249 3525 300 3561; x_wconf 85' lang='lat' dir='ltr'><strong>vos</strong></span> <span class='ocrx_word' id='word_1_445' title='bbox 312 3507 410 3562; x_wconf 86' lang='lat' dir='ltr'><strong>matris</strong></span> <span class='ocrx_word' id='word_1_446' title='bbox 423 3507 554 3562; x_wconf 83' lang='lat' dir='ltr'><strong>convivio</strong></span> <span class='ocrx_word' id='word_1_447' title='bbox 568 3506 679 3574; x_wconf 86' lang='lat' dir='ltr'><strong>sociari,</strong></span> <span class='ocrx_word' id='word_1_448' title='bbox 691 3506 776 3561; x_wconf 90' lang='lat' dir='ltr'><strong>hodie</strong></span> <span class='ocrx_word' id='word_1_449' title='bbox 789 3506 868 3561; x_wconf 89' lang='lat' dir='ltr'><strong>illam</strong></span> <span class='ocrx_word' id='word_1_450' title='bbox 879 3506 918 3560; x_wconf 92' lang='lat' dir='ltr'><strong>ba</strong></span> <span class='ocrx_word' id='word_1_451' title='bbox 937 3502 1049 3559; x_wconf 80' lang='lat' dir='ltr'><strong>tinans?</strong></span> <span class='ocrx_word' id='word_1_452' title='bbox 1075 3504 1132 3559; x_wconf 89' lang='lat' dir='ltr'><strong>Sed</strong></span> <span class='ocrx_word' id='word_1_453' title='bbox 1143 3522 1262 3560; x_wconf 86' lang='lat' dir='ltr'><strong>necesse</strong></span> <span class='ocrx_word' id='word_1_454' title='bbox 1275 3509 1320 3560; x_wconf 90' lang='lat' dir='ltr'><strong>est</strong></span> 
     </span>
     <span class='ocr_line' id='line_1_47' title="bbox 148 3572 1320 3645; baseline -0.003 -15"><span class='ocrx_word' id='word_1_455' title='bbox 148 3591 212 3630; x_wconf 88' lang='lat' dir='ltr'><strong>eam</strong></span> <span class='ocrx_word' id='word_1_456' title='bbox 224 3575 272 3629; x_wconf 88' lang='lat' dir='ltr'><strong>vel</strong></span> <span class='ocrx_word' id='word_1_457' title='bbox 283 3593 340 3630; x_wconf 87' lang='lat' dir='ltr'><strong>una</strong></span> <span class='ocrx_word' id='word_1_458' title='bbox 352 3575 398 3629; x_wconf 87' lang='lat' dir='ltr'><strong>die</strong></span> <span class='ocrx_word' id='word_1_459' title='bbox 411 3581 478 3630; x_wconf 91' lang='lat' dir='ltr'><strong>ante</strong></span> <span class='ocrx_word' id='word_1_460' title='bbox 490 3575 662 3645; x_wconf 88' lang='lat' dir='ltr'><strong>baptismum</strong></span> <span class='ocrx_word' id='word_1_461' title='bbox 675 3574 816 3642; x_wconf 89' lang='lat' dir='ltr'><strong>ieiunare,</strong></span> <span class='ocrx_word' id='word_1_462' title='bbox 830 3592 904 3645; x_wconf 91' lang='lat' dir='ltr'><strong>quan</strong></span> <span class='ocrx_word' id='word_1_463' title='bbox 926 3572 1058 3644; x_wconf 87' lang='lat' dir='ltr'><strong>equidem</strong></span> <span class='ocrx_word' id='word_1_464' title='bbox 1071 3573 1240 3644; x_wconf 89' lang='lat' dir='ltr'><strong>simpliciter</strong></span> <span class='ocrx_word' id='word_1_465' title='bbox 1252 3590 1320 3627; x_wconf 92' lang='lat' dir='ltr'><strong>non-</strong></span> 
     </span>
     <span class='ocr_line' id='line_1_48' title="bbox 147 3641 1320 3764; baseline -0.001 -68"><span class='ocrx_word' id='word_1_466' title='bbox 147 3643 228 3764; x_wconf 35' lang='lat' dir='ltr'><strong>puIQa</strong></span> <span class='ocrx_word' id='word_1_467' title='bbox 250 3661 302 3725; x_wconf 86' lang='lat' dir='ltr'><strong>pro</strong></span> <span class='ocrx_word' id='word_1_468' title='bbox 327 3661 357 3698; x_wconf 90' lang='lat' dir='ltr'><strong>se</strong></span> <span class='ocrx_word' id='word_1_469' title='bbox 381 3643 477 3698; x_wconf 90' lang='lat' dir='ltr'><strong>locuta</strong></span> <span class='ocrx_word' id='word_1_470' title='bbox 499 3649 544 3698; x_wconf 90' lang='lat' dir='ltr'><strong>est</strong></span> <span class='ocrx_word' id='word_1_471' title='bbox 564 3647 667 3712; x_wconf 87' lang='lat' dir='ltr'><strong>mater,</strong></span> <span class='ocrx_word' id='word_1_472' title='bbox 688 3643 795 3714; x_wconf 90' lang='lat' dir='ltr'><strong>alioqui</strong></span> <span class='ocrx_word' id='word_1_473' title='bbox 815 3643 912 3698; x_wconf 91' lang='lat' dir='ltr'><strong>multis</strong></span> <span class='ocrx_word' id='word_1_474' title='bbox 931 3641 1023 3716; x_wconf 88' lang='lat' dir='ltr'><strong>ipsam</strong></span> <span class='ocrx_word' id='word_1_475' title='bbox 1045 3641 1146 3698; x_wconf 89' lang='lat' dir='ltr'><strong>diebus</strong></span> <span class='ocrx_word' id='word_1_476' title='bbox 1170 3641 1320 3716; x_wconf 88' lang='lat' dir='ltr'><strong>oportebat</strong></span> 
     </span>
     <span class='ocr_line' id='line_1_49' title="bbox 160 3728 273 3765; baseline 0 -1"><span class='ocrx_word' id='word_1_477' title='bbox 160 3728 194 3764; x_wconf 90' lang='lat' dir='ltr'><strong>us</strong></span> <span class='ocrx_word' id='word_1_478' title='bbox 208 3729 273 3765; x_wconf 87' lang='lat' dir='ltr'><strong>ran.</strong></span> 
     </span>
    </p>
   </div>
   <div class='ocr_carea' id='block_1_9' title="bbox 1021 1359 1321 1432">
    <p class='ocr_par' dir='ltr' id='par_1_9' title="bbox 1021 1359 1321 1432">
     <span class='ocr_line' id='line_1_50' title="bbox 1021 1359 1321 1432; baseline 0.003 -20"><span class='ocrx_word' id='word_1_479' title='bbox 1021 1377 1046 1412; x_wconf 93' lang='lat' dir='ltr'><strong>1s</strong></span> <span class='ocrx_word' id='word_1_480' title='bbox 1058 1365 1125 1429; x_wconf 93' lang='lat' dir='ltr'><strong>post</strong></span> <span class='ocrx_word' id='word_1_481' title='bbox 1138 1359 1216 1414; x_wconf 89' lang='lat' dir='ltr'><strong>illam</strong></span> <span class='ocrx_word' id='word_1_482' title='bbox 1228 1360 1321 1432; x_wconf 90' lang='lat' dir='ltr'><strong>perni-</strong></span> 
     </span>
    </p>
   </div>
   <div class='ocr_carea' id='block_1_10' title="bbox 148 3963 1319 4187">
    <p class='ocr_par' dir='ltr' id='par_1_10' title="bbox 148 3963 1319 4187">
     <span class='ocr_line' id='line_1_51' title="bbox 199 3963 1319 4036; baseline -0.002 -18"><span class='ocrx_word' id='word_1_483' title='bbox 199 3968 260 4034; x_wconf 82' lang='lat' dir='ltr'><strong>Cap.</strong></span> <span class='ocrx_word' id='word_1_484' title='bbox 270 3968 338 4018; x_wconf 80' lang='lat'>0111.</span> <span class='ocrx_word' id='word_1_485' title='bbox 358 3964 384 4035; x_wconf 83' lang='lat'><strong>1)</strong></span> <span class='ocrx_word' id='word_1_486' title='bbox 396 3969 446 4020; x_wconf 80' lang='grc' dir='ltr'><strong>τοῦ</strong></span> <span class='ocrx_word' id='word_1_487' title='bbox 455 3984 502 4018; x_wconf 90' lang='lat' dir='ltr'><strong>om.</strong></span> <span class='ocrx_word' id='word_1_488' title='bbox 513 3969 541 4018; x_wconf 94' lang='lat'><strong>0.</strong></span> <span class='ocrx_word' id='word_1_489' title='bbox 551 3996 585 4004; x_wconf 91' lang='lat'><em>-</em></span> <span class='ocrx_word' id='word_1_490' title='bbox 597 3966 622 4032; x_wconf 71' lang='lat'><strong>2)</strong></span> <span class='ocrx_word' id='word_1_491' title='bbox 630 3963 712 4020; x_wconf 80' lang='grc' dir='ltr'><strong><em>ἀκού·</em></strong></span> <span class='ocrx_word' id='word_1_492' title='bbox 756 3971 828 4032; x_wconf 87' lang='grc' dir='ltr'>ΧΙΠ,</span> <span class='ocrx_word' id='word_1_493' title='bbox 842 3967 873 4032; x_wconf 66' lang='lat'><strong>7„</strong></span> <span class='ocrx_word' id='word_1_494' title='bbox 883 3998 916 4006; x_wconf 87' lang='lat'><strong>—</strong></span> <span class='ocrx_word' id='word_1_495' title='bbox 933 3967 961 4036; x_wconf 88' lang='lat'><strong>3)</strong></span> <span class='ocrx_word' id='word_1_496' title='bbox 975 3969 1135 4019; x_wconf 87' lang='lat' dir='ltr'><strong>Inserendum</strong></span> <span class='ocrx_word' id='word_1_497' title='bbox 1153 3969 1192 4026; x_wconf 71' lang='grc' dir='ltr'><strong>εἰς</strong></span> <span class='ocrx_word' id='word_1_498' title='bbox 1203 3985 1232 4017; x_wconf 86' lang='lat' dir='ltr'><strong>cx</strong></span> <span class='ocrx_word' id='word_1_499' title='bbox 1243 3968 1319 4016; x_wconf 86' lang='lat' dir='ltr'><strong>Hom.</strong></span> 
     </span>
     <span class='ocr_line' id='line_1_52' title="bbox 148 4032 978 4106; baseline 0.002 -21"><span class='ocrx_word' id='word_1_500' title='bbox 148 4051 228 4092; x_wconf 82' lang='grc' dir='ltr'><strong><em>οντες</em></strong></span> <span class='ocrx_word' id='word_1_501' title='bbox 236 4035 288 4086; x_wconf 90' lang='lat' dir='ltr'><strong>des.</strong></span> <span class='ocrx_word' id='word_1_502' title='bbox 297 4036 325 4085; x_wconf 93' lang='lat' dir='ltr'><strong>in</strong></span> <span class='ocrx_word' id='word_1_503' title='bbox 337 4037 405 4088; x_wconf 80' lang='lat' dir='ltr'><strong>V.—</strong></span> <span class='ocrx_word' id='word_1_504' title='bbox 414 4035 439 4100; x_wconf 88' lang='lat'><strong>3)</strong></span> <span class='ocrx_word' id='word_1_505' title='bbox 450 4032 521 4106; x_wconf 75' lang='grc' dir='ltr'><strong>αὐτῇ</strong></span> <span class='ocrx_word' id='word_1_506' title='bbox 531 4033 636 4103; x_wconf 87' lang='lat'><strong>0.-4)</strong></span> <span class='ocrx_word' id='word_1_507' title='bbox 644 4033 714 4106; x_wconf 79' lang='grc' dir='ltr'>ἡμῖν</span> <span class='ocrx_word' id='word_1_508' title='bbox 755 4064 790 4072; x_wconf 98' lang='grc'>-</span> <span class='ocrx_word' id='word_1_509' title='bbox 800 4033 829 4104; x_wconf 82' lang='grc'><strong>4)</strong></span> <span class='ocrx_word' id='word_1_510' title='bbox 843 4036 933 4090; x_wconf 65' lang='lat' dir='ltr'><strong>deum.</strong></span> <span class='ocrx_word' id='word_1_511' title='bbox 947 4039 978 4089; x_wconf 85' lang='lat' dir='ltr'><strong>V.</strong></span> 
     </span>
     <span class='ocr_line' id='line_1_53' title="bbox 148 4099 1136 4187; baseline 0.007 -36"><span class='ocrx_word' id='word_1_512' title='bbox 148 4105 178 4166; x_wconf 90' lang='lat'><strong>0,</strong></span> <span class='ocrx_word' id='word_1_513' title='bbox 192 4103 237 4167; x_wconf 88' lang='lat' dir='ltr'><strong>qui</strong></span> <span class='ocrx_word' id='word_1_514' title='bbox 249 4119 307 4153; x_wconf 88' lang='lat' dir='ltr'><strong>mox</strong></span> <span class='ocrx_word' id='word_1_515' title='bbox 318 4103 424 4154; x_wconf 82' lang='lat' dir='ltr'><strong>invertit</strong></span> <span class='ocrx_word' id='word_1_516' title='bbox 435 4103 540 4168; x_wconf 68' lang='grc' dir='ltr'><strong><em>ἐκείνην</em></strong></span> <span class='ocrx_word' id='word_1_517' title='bbox 552 4099 644 4156; x_wconf 81' lang='grc' dir='ltr'><em>νύκτα.</em></span> <span class='ocrx_word' id='word_1_518' title='bbox 808 4123 867 4187; x_wconf 52' lang='lat' dir='ltr'><strong>Gap,</strong></span> <span class='ocrx_word' id='word_1_519' title='bbox 880 4123 932 4172; x_wconf 66' lang='lat' dir='ltr'><strong>cv,</strong></span> <span class='ocrx_word' id='word_1_520' title='bbox 969 4117 995 4186; x_wconf 88' lang='lat'><strong>1)</strong></span> <span class='ocrx_word' id='word_1_521' title='bbox 1010 4119 1049 4186; x_wconf 57' lang='grc' dir='ltr'><strong>τῷ</strong></span> <span class='ocrx_word' id='word_1_522' title='bbox 1060 4120 1136 4168; x_wconf 70' lang='lat' dir='ltr'><strong>Hom,</strong></span> 
     </span>
    </p>
   </div>
   <div class='ocr_carea' id='block_1_11' title="bbox 147 4199 1319 4341">
    <p class='ocr_par' dir='ltr' id='par_1_11' title="bbox 147 4199 1319 4341">
     <span class='ocr_line' id='line_1_54' title="bbox 200 4199 1319 4271; baseline 0 -17"><span class='ocrx_word' id='word_1_523' title='bbox 200 4204 261 4270; x_wconf 82' lang='lat' dir='ltr'><strong>Gap.</strong></span> <span class='ocrx_word' id='word_1_524' title='bbox 285 4205 351 4256; x_wconf 86' lang='lat' dir='ltr'>CIV.</span> <span class='ocrx_word' id='word_1_525' title='bbox 394 4200 420 4271; x_wconf 92' lang='lat' dir='ltr'><strong>l)</strong></span> <span class='ocrx_word' id='word_1_526' title='bbox 450 4199 606 4256; x_wconf 80' lang='grc' dir='ltr'><em>ὅτε-ὅτε</em></span> <span class='ocrx_word' id='word_1_527' title='bbox 630 4207 659 4254; x_wconf 92' lang='lat'><strong>0.</strong></span> <span class='ocrx_word' id='word_1_528' title='bbox 681 4231 711 4240; x_wconf 88' lang='lat'><em>—</em></span> <span class='ocrx_word' id='word_1_529' title='bbox 808 4205 945 4270; x_wconf 66' lang='lat' dir='ltr'><strong>eapcvi.</strong></span> <span class='ocrx_word' id='word_1_530' title='bbox 971 4200 997 4270; x_wconf 87' lang='lat'><strong>1)</strong></span> <span class='ocrx_word' id='word_1_531' title='bbox 1012 4202 1227 4268; x_wconf 68' lang='grc' dir='ltr'><em>συνεστιαθῆναι</em></span> <span class='ocrx_word' id='word_1_532' title='bbox 1242 4204 1319 4254; x_wconf 82' lang='lat' dir='ltr'><strong>V.—</strong></span> 
     </span>
     <span class='ocr_line' id='line_1_55' title="bbox 147 4266 1126 4341; baseline -0.001 -18"><span class='ocrx_word' id='word_1_533' title='bbox 147 4267 176 4339; x_wconf 79' lang='lat'><strong>2)</strong></span> <span class='ocrx_word' id='word_1_534' title='bbox 201 4267 370 4338; x_wconf 72' lang='grc' dir='ltr'><em>ἓδειμᾶτουν</em></span> <span class='ocrx_word' id='word_1_535' title='bbox 392 4273 456 4322; x_wconf 87' lang='lat' dir='ltr'><strong>male</strong></span> <span class='ocrx_word' id='word_1_536' title='bbox 480 4289 528 4323; x_wconf 87' lang='lat' dir='ltr'><strong>om.</strong></span> <span class='ocrx_word' id='word_1_537' title='bbox 552 4273 575 4323; x_wconf 87' lang='lat' dir='ltr'><strong>V</strong></span> <span class='ocrx_word' id='word_1_538' title='bbox 600 4277 624 4324; x_wconf 93' lang='lat' dir='ltr'><strong>et</strong></span> <span class='ocrx_word' id='word_1_539' title='bbox 641 4273 716 4322; x_wconf 90' lang='lat' dir='ltr'><strong>Hom.</strong></span> <span class='ocrx_word' id='word_1_540' title='bbox 760 4269 786 4335; x_wconf 78' lang='lat'><strong>2)</strong></span> <span class='ocrx_word' id='word_1_541' title='bbox 800 4266 1003 4341; x_wconf 69' lang='lat' dir='ltr'><strong>iqqdlle‘sqoc</strong></span> <span class='ocrx_word' id='word_1_542' title='bbox 1013 4269 1083 4320; x_wconf 85' lang='lat' dir='ltr'><strong>addit</strong></span> <span class='ocrx_word' id='word_1_543' title='bbox 1095 4271 1126 4322; x_wconf 88' lang='lat' dir='ltr'><strong>V.</strong></span> 
     </span>
    </p>
   </div>
   <div class='ocr_carea' id='block_1_12' title="bbox 0 0 1568 4894">
    <p class='ocr_par' dir='ltr' id='par_1_12' title="bbox 0 0 1568 4894">
     <span class='ocr_line' id='line_1_56' title="bbox 0 0 1568 4894; baseline 0 0"><span class='ocrx_word' id='word_1_544' title='bbox 0 0 1568 4894; x_wconf 95' lang='lat' dir='ltr'><strong> </strong></span> 
     </span>
    </p>
   </div>
  </div>
 </body>
</html>
