3126 4894
15 593 16 606 ÷
117 579 255 642 provisio.
277 561 451 624 Quemadmo

557 348 712 397 11110111
729 348 872 401 ruinas.
1109 349 1117 366 ·
1238 339 1300 402 165

119 493 311 574 consequitur
321 492 441 562 puritas,
454 493 523 613 31110
535 511 569 548 ex
582 493 710 548 interiori
722 495 873 550 intellectu
885 494 918 548 fit
928 496 1076 550 exterioris
1087 500 1211 568 corporis
1223 500 1298 557 bona

192 561 199 573 '
216 629 223 640 ·
239 629 245 640 1
317 628 323 640 ¹
473 579 520 614 um
531 577 567 640 ex
580 561 704 640 corporis
716 563 853 634 neglectu
864 564 967 617 mentis
979 565 1105 634 provisio
1115 564 1176 618 fieri
1189 569 1297 638 nequit,

117 635 162 683 rta
173 647 224 698 qur
237 635 375 682 interiora
386 634 561 748 purgaverrt,
575 634 715 684 exteriora
727 645 837 710 queque
845 649 972 710 purgare
984 637 1094 701 potest:
1113 633 1239 702 quivero
1252 653 1298 689 er-

15 699 16 712 *
117 696 227 750 teriora
239 701 354 767 purgat,
368 713 386 749 a
417 694 561 750 hominum
574 696 674 750 laudes
687 713 830 777 asprcrens
844 699 873 750 rd
885 705 956 769 agit,
967 699 1080 754 laudem
1093 705 1169 754 certe
1183 719 1297 757 cernen-

117 765 201 830 tium,
216 764 271 817 sed
283 763 360 834 apud
372 763 468 816 Deum
480 763 639 818 mercedem
651 781 708 818 non
719 765 831 835 recipit.

187 863 298 916 LXIX.
334 863 389 916 His
401 863 524 933 aliisque
557 863 665 918 iuribus
679 866 713 918 de
727 865 895 920 castimonia
907 866 992 920 dictis
1006 866 1100 920 desiit.
1120 868 1220 939 Itaque
1233 889 1297 925 cum

118 933 175 985 iam
189 938 252 985 tres
266 947 390 997 menses,
403 949 519 1001 quorum
533 883 635 986 diebus
646 932 748 986 Petrus
760 951 804 986 me
817 933 942 987 ieiunare
955 941 1148 1013 praeceperat,
1162 940 1297 1018 completi

118 1005 232 1066 essent,
256 999 364 1052 ducens
381 1016 426 1052 me
447 1000 484 1052 ad
502 999 598 1054 fontes
619 1001 704 1054 maris
725 1000 834 1054 vicinos
856 1018 972 1070 perenm
993 1019 1067 1072 aqua
1086 1003 1246 1074 baptizavit
1267 1007 1297 1060 in

117 1067 235 1120 nomine
247 1066 340 1146 patris
353 1072 383 1119 et
395 1065 449 1118 filii
462 1072 491 1120 et
505 1067 622 1136 spiritus
636 1068 736 1121 sancti.
757 1065 801 1120 Ac
813 1067 914 1121 Petrus
928 1087 990 1122 oum
1002 1086 1104 1139 panem
1118 1073 1295 1152 sumpsisset,

117 1133 320 1187 benedixisset
343 1151 377 1187 ao
401 1133 551 1204 fregisset,
581 1135 800 1188 communicavit
824 1153 875 1189 nos
900 1136 1077 1190 intemeratis
1100 1155 1134 1191 ac
1158 1141 1295 1194 vitalibus

118 1201 318 1255 sacramentis.
354 1201 401 1254 Ita
417 1219 485 1271 ergo
502 1201 599 1256 feriati
616 1219 650 1255 ae
668 1203 738 1257 laeti
754 1202 855 1257 fratres
868 1204 956 1257 nestri
974 1221 1025 1272 pro
1042 1204 1112 1257 mihi
1125 1223 1142 1258 a
1153 1205 1217 1260 Deo
1231 1226 1295 1261 con-

117 1286 203 1322 cessa
221 1269 348 1322 secunda
364 1269 518 1324 nativitate
539 1269 658 1341 gloriam
677 1277 706 1324 et
723 1271 877 1340 gratiarum
893 1271 1036 1324 actionem
1052 1271 1117 1325 Deo
1133 1273 1295 1329 detulimus,

117 1336 156 1388 Et
167 1336 261 1389 multa
273 1335 357 1410 turba
373 1342 548 1408 congregata
564 1337 665 1408 Petrus
684 1338 718 1390 de
739 1338 810 1390 uisis
822 1337 942 1402 morbis,
963 1337 1169 1392 afflictionibus
1182 1358 1216 1394 ac
1230 1342 1294 1396 dae-

117 1403 266 1468 monibus,
284 1420 338 1456 nec
351 1420 409 1456 non
420 1403 576 1472 baptizatis
590 1404 725 1473 complurr
748 1423 781 1457 us
798 1423 861 1458 oum
875 1405 1037 1458 Maroonem
1055 1405 1196 1475 hospitem
1215 1427 1294 1462 suum

118 1471 175 1524 iam
196 1470 330 1524 omnibus
349 1471 472 1524 numeris
497 1471 658 1525 absolutum
680 1471 710 1524 in
731 1473 895 1542 episcopum
917 1473 1125 1539 constituisset,
1146 1474 1295 1530 duodecim

118 1538 304 1608 presbyteros
319 1537 515 1608 designasset,
534 1539 670 1592 diaconos
682 1539 815 1606 fecisset,
829 1539 905 1592 etde
919 1539 1106 1594 communiae
1123 1541 1189 1594 utili
1202 1544 1293 1598 eccle-

118 1606 178 1659 siae
197 1607 317 1674 eiusque
336 1605 490 1674 disciplina
502 1606 529 1660 ei
548 1607 660 1660 locutus
673 1612 759 1672 esset,
772 1606 911 1660 valedixit
924 1605 1111 1676 Tripolitanis
1124 1607 1292 1677 Phoenices,

118 1681 147 1726 et
159 1673 217 1727 iter
228 1689 328 1726 versus
341 1670 524 1727 Antiochiam
538 1672 636 1744 Syriae
649 1674 795 1744 ingressus
808 1679 860 1728 est.

184 1773 280 1827 LXX.
315 1773 433 1895 Egressi
450 1790 518 1845 ergo
535 1773 646 1844 Tripoli
661 1773 883 1842 Phoenices,‘ut
898 1773 1082 1829 Antiochiam
1098 1775 1197 1846 Syriae
1215 1779 1292 1832 veni-

117 1858 220 1908 remus,
234 1858 269 1895 00
283 1840 329 1894 die
368 1841 505 1894 rthosiam
516 1841 638 1912 profecti
650 1841 691 1896 ibi
703 1843 865 1896 mansimus.
900 1842 938 1895 Et
952 1843 1018 1911 quia
1031 1849 1074 1896 est
1086 1861 1173 1914 prope
1186 1846 1292 1913 urbem,

118 1926 133 1962 e
152 1927 210 1978 qua
230 1925 246 1962 e
284 1908 342 1962 essi
362 1908 519 1974 fueramus,
545 1927 608 1962 cum
631 1925 727 1963 omnes
750 1909 809 1964 fere
827 1909 1072 1989 praedicationem
1096 1913 1292 1983 evangelicam

117 1977 196 2046 prius
212 1994 251 2030 au
273 1977 388 2042 iissent,
406 1994 493 2029 unum
508 1976 583 2030 diem
595 1961 657 2030 11110
671 1983 835 2031 commorati
846 1975 1023 2031 Antaradum
1035 1978 1183 2032 abivimus.
1219 1981 1293 2044 Quia

117 2061 184 2098 vero
198 2043 283 2096 multi
296 2049 376 2098 erant
389 2043 537 2097 nobiseum
550 2044 605 2098 iter
616 2044 766 2112 facientes,
779 2045 881 2099 Petrus
893 2045 1025 2100 Nicetam
1038 2051 1067 2099 et
1076 2044 1104 2098 A
1124 2047 1212 2101 uilam
1225 2049 1293 2102 allo-

119 2117 202 2164 cutus
215 2117 261 2166 est
279 2111 393 2164 dicens:
412 2111 647 2181 Quandoquidem
663 2130 768 2184 magna
785 2112 983 2167 comitantium
999 2113 1114 2167 multitu
1135 2131 1219 2168 onon
1252 2134 1292 2169 ar—

117 2197 181 2232 vam
199 2179 340 2232 invidiam
357 2178 440 2232 nobis
457 2196 508 2248 per
524 2179 609 2233 urbes
626 2179 799 2233 intrantibus
816 2179 935 2246 conflat,
956 2180 1118 2234 necessario
1140 2135 1292 2237 curandum

119 2263 183 2299 esse
196 2246 333 2310 iudicavi,
346 2252 379 2299 ut
391 2263 482 2315 neque
496 2246 551 2316 ipsi
564 2247 776 2314 contristentur,
790 2247 855 2300 dum
885 2247 1122 2302 rohibenturesse
1135 2249 1291 2317 uobiscum,

117 2331 210 2382 neque
226 2331 293 2380 nos,
313 2315 379 2366 dum
392 2331 487 2366 sumus
501 2313 688 2383 spectabiles,
707 2314 780 2368 forte
793 2315 851 2368 inci
890 2333 951 2368 mus
963 2315 993 2368 in
1005 2315 1133 2368 malitiae
1147 2316 1292 2371 invidiam.

117 2381 260 2445 Quocirca
276 2382 341 2434 volo
358 2387 387 2435 te
404 2381 538 2437 Nicetam
555 2387 640 2451 atque
657 2380 793 2451 Aquilam
809 2387 875 2435 ante
892 2399 937 2435 me
955 2383 1010 2436 iter
1025 2381 1130 2436 habere
1150 2400 1201 2451 per
1219 2385 1289 2438 duos

118 2449 222 2520 globos
237 2449 365 2519 sparsim.

184 2547 295 2602 LXXI.
331 2549 408 2613 Quae
422 2566 485 2603 cum
497 2549 597 2602 Petrus
610 2549 724 2604 locutus
737 2553 828 2614 esset,
845 2547 963 2602 Nicetas
976 2553 1005 2602 et
1020 2547 1128 2618 Aquila
1139 2550 1290 2618 responde-

117 2623 183 2670 runt
196 2617 225 2671 ei
238 2617 383 2672 dicentes:
402 2617 468 2671 Non
479 2617 563 2670 valde
576 2635 637 2684 nos,
651 2615 773 2681 domine,
787 2615 938 2669 contristat
949 2615 1003 2668 hoo
1015 2632 1115 2686 agere,
1149 2617 1262 2669 uoniam
1275 2635 1292 2671 a

116 2689 145 2738 te
158 2685 287 2738 iubetur:
306 2684 541 2754 primoquidem,
559 2685 626 2754 quia
642 2683 699 2737 Dei
736 2682 897 2736 revidentia
914 2683 1043 2736 delectus
1062 2699 1107 2748 es,
1126 2633 1230 2752 dignus
1243 2685 1291 2752 qui

117 2761 224 2806 cuncta
235 2753 381 2821 praeclare
399 2769 432 2806 oo
456 2752 511 2805 itas
526 2758 611 2820 atque
630 2701 769 2805 0011011100.
805 2751 922 2804 Pmeter
932 2767 998 2803 vero
1013 2766 1060 2815 ea,
1074 2750 1149 2818 quod
1160 2755 1193 2802 ut
1205 2751 1290 2820 pluri-

116 2837 194 2872 mum
205 2820 295 2873 biduo
307 2837 358 2873 nos
370 2769 531 2873 1100100010
544 2835 662 2872 necesse
676 2819 723 2882 sit,
736 2836 753 2872 a
765 2824 794 2872 te
807 2818 962 2884 uberimus3
976 2817 1048 2869 illud
1059 2822 1154 2870 autem
1168 2818 1291 2887 spatium

116 2887 248 2956 quamvis
266 2888 383 2958 longum
400 2887 451 2954 sit,
473 2887 539 2939 dum
555 2891 584 2940 te
608 2903 664 2940 non
679 2886 808 2940 videmus
826 2886 968 2940 dominum
983 2891 1124 2950 nostrum,
1146 2890 1241 2938 tamen
1258 2892 1291 2939 ut

117 2955 216 3020 iubes,
239 2954 306 3024 quia
328 2955 399 3008 utile
421 2959 477 3022 est,
503 2971 560 3007 11011
581 2953 801 3008 contradicimus
824 2953 927 3008 faeere.
963 2951 1072 3016 Quibus
1097 2952 1182 3006 dictis
1207 2952 1291 3007 simul

117 3038 274 3076 recessere.
390 3049 393 3054 ·

186 3121 311 3176 LXXII.
345 3121 399 3175 His
417 3121 506 3202 igitur
522 3120 659 3192 profectis
676 3138 730 3192 ego
749 3121 881 3175 Clemens
897 3121 981 3174 valde
996 3121 1113 3192 gavisus
1128 3139 1202 3186 sum,
1215 3123 1291 3191 quod

117 3207 164 3243 me
178 3207 275 3243 secum
288 3207 350 3243 esse
363 3190 510 3244 voluisset,
544 3187 639 3258 Atque
652 3188 724 3242 haec
737 3188 849 3241 adeum
861 3188 947 3241 verba
979 3187 1085 3241 rofero:
1106 3185 1222 3242 Gratias
1235 3206 1290 3260 ago

116 3256 563 3336 1100,(11101111101101101111001102
580 3262 612 3309 ut
630 3255 737 3322 socios,
755 3272 819 3307 nam
837 3271 903 3332 prae
918 3206 1012 3306 11011110
1031 3259 1149 3306 enectus
1166 3254 1289 3308 fuissem.

117 3325 174 3378 Ille
187 3341 254 3378 vero
267 3323 342 3388 Quid
354 3330 464 3390 autem,
483 3323 589 3393 inquit,
608 3323 633 3376 si
649 3337 721 3392 quae
738 3325 897 3374 necessitas
912 3319 1041 3388 exegerit
1053 3319 1129 3397 mitti
1142 3325 1171 3372 te
1184 3320 1290 3388 aliquo,

117 3399 165 3458 tu,
187 3391 256 3462 quia
273 3392 447 3461 aliquamdiu
464 3409 481 3446 a
497 3408 542 3444 me
558 3389 669 3444 utiliter
686 3388 741 3443 eris
759 3392 919 3458 separatus,
936 3386 1001 3438 ideo
1014 3385 1162 3439 morieris?
1179 3385 1289 3463 'Nonne

117 3459 217 3530 potius
229 3463 324 3513 tecum
334 3465 469 3529 reputans
482 3458 601 3513 ferenda
613 3474 689 3523 esse,
726 3472 779 3509 uae
791 3458 906 3524 propter
917 3453 1120 3531 necessitatem
1132 3452 1187 3506 tibi
1201 3452 1289 3521 impo-

118 3528 177 3580 sita
189 3532 269 3594 sunt,
287 3543 377 3596 aequo
390 3527 484 3580 animo
501 3523 675 3578 sustinebis?
732 3528 764 3576 ut
779 3523 908 3593 ignoras,
925 3537 1032 3574 amroos
1044 3537 1101 3573 una
1118 3536 1181 3575 esse
1197 3535 1288 3574 recor·

118 3594 251 3661 datione,
268 3594 338 3648 licet
354 3593 517 3664 corporibus
535 3591 719 3662 separentur?
747 3590 828 3644 Sicut
844 3587 975 3644 nonnulli
987 3604 1102 3657 corpore
1114 3592 1289 3658 praesentes,

118 3661 197 3732 quod
209 3677 304 3716 eorum
316 3679 372 3716 non
383 3661 576 3728 recordentur,
590 3659 683 3714 animo
696 3658 912 3730 peregrinantur
923 3655 959 3711 ab
971 3655 1079 3710 amicis.

121 3821 322 3828 ,φ’-...-

170 3919 231 4034 Gap.
243 3919 339 3968 LXIX.
375 3914 402 3986 1)
415 3913 557 3969 ἐπαύσατο
576 3917 645 3967 deest
656 3918 684 3967 in
726 3913 754 3984 5)
769 3932 898 3968 nossem.
913 3917 942 3978 0,
954 3912 1025 3985 μήτε
1037 3931 1061 3980 p.
1075 3907 1114 3982 μή
1132 3929 1202 3963 ποτε
1213 3913 1288 3961 Hom.

119 3987 199 4036 V.—
227 3980 492 4052 merome-3)
506 3982 576 4053 ὑπέρ
591 4001 620 4036 τε
633 3983 683 4035 τοῦ
726 3982 1039 4050 Epit.-6)rqiom.0.

117 4052 279 4134 κωνοῧέαὶ
300 4054 499 4133 pquaovwf
522 4051 570 4133 ‘A‘
591 4051 684 4134 iunia:
778 4084 838 4150 cap.
854 4083 949 4132 111111.
986 4076 1012 4145 1)
1037 4077 1206 4144 1111111111,
1226 4078 1288 4126 eto

119 4125 182 4178 σίας
203 4137 254 4186 την
276 4121 353 4178 ταξιν
377 4120 590 4188 προσομιλησας
610 4135 682 4184 usurp
726 4150 753 4199 in
766 4165 844 4212 marg.

119 4190 327 4331 vaiapAEilK
363 4249 393 4370 lg
412 4253 580 4321 προσομιλει
598 4253 629 4303 V.
650 4278 684 4286 -
779 4245 958 4314 capsam.
991 4239 1288 4311 praemonstro,

118 4319 280 4404 &eiuscius
292 4316 574 4396 0.-“)Ι1001Ηο11.
585 4319 645 4381 ΧΠ,
659 4315 683 4380 1,
728 4314 938 4397 διαῃεφωνίκηγ
962 4312 994 4362 V.
1022 4337 1055 4344 -
1082 4305 1111 4375 2)
1140 4308 1171 4361 tl
1200 4312 1231 4360 V.
1255 4337 1288 4344 -

119 4407 198 4448 οπως
218 4391 290 4456 Eprt.
314 4417 347 4424 -
370 4381 399 4454 4)
423 4389 572 4451 λυπηθωσι
597 4388 625 4436 0.
651 4411 683 4420 —-
727 4381 1035 4448 310110111μπιινωνται
1048 4378 1081 4428 V.
1131 4401 1133 4406 ·
