3162 4900
263 332 326 396 322
557 345 801 398 rwmsnnnru
812 345 1121 398 concrememur.

263 495 378 552 πάντων
398 498 453 551 τῶν
473 493 615 566 ἀκροατῶν
635 493 658 546 si
682 492 792 549 nificat:
818 510 932 562 „cerm
955 492 1087 548 omnibus
1110 491 1318 562 auditoribus“,
1346 495 1447 564 aequcs

263 569 349 634 atquc
373 562 470 632 paullo
495 578 581 630 supra
602 578 629 616 v.
651 511 696 614 15:
721 564 766 616 lul
789 561 916 624 πάντων,
939 577 1051 627 „coram
1073 560 1232 614 omnibus“.
1268 559 1326 614 Cir.
1349 563 1440 616 etiam

265 631 419 685 dictionem
437 629 488 684 τὸν
503 631 549 684 ἐπὶ
567 631 622 684 τῶν
634 627 725 700 ὄχλων
736 633 860 701 ἔλεγχον,
882 645 956 698 quae
975 633 1020 682 est
1036 647 1064 698 p.
1078 628 1137 696 373,
1152 629 1196 694 13,
1210 634 1243 682 ut
1254 629 1312 682 alia
1323 633 1439 683 taceam

265 699 395 767 exempla
433 713 482 750 rae
495 697 633 751 insitionis
650 694 758 752 abhoc
777 696 912 764 scriptore
929 697 1044 764 saepius
1063 697 1163 750 eodem
1181 694 1348 766 significatu
1360 696 1440 750 adhi-

264 766 352 820 bitae.
365 714 557 849 -l'.1rlsqq.
570 781 644 833 quae
656 763 812 834 reperimus
823 765 925 818 verba:
939 769 1025 837 πέρας
1035 767 1105 835 γοῦν
1117 764 1174 844 οὐκ
1181 765 1268 836 οἶμαι,
1283 768 1313 819 σὲ
1326 766 1374 819 ἰπὶ
1387 764 1440 832 τὴν

267 833 379 901 ζήτησιν
390 835 491 899 ἐλθεῖν,
505 853 541 893 ως
553 831 691 902 ὑπέσχου,
704 829 772 886 ἀλλά
789 830 861 902 πρὸς
879 833 918 901 τῷ
935 833 1030 886 δοκεῖν
1042 829 1082 904 μὴ
1099 837 1243 886 αἰτιάσθω
1260 831 1339 892 ἐξιὼν
1351 834 1439 888 ἔπαν-

265 906 359 956 ελθεῐν
377 899 546 968 ὑπίοχησαι,
568 915 603 952 ea
620 899 783 952 etiamnunc
800 899 856 952 duo
875 899 1024 952 continent
1045 899 1157 952 menda.
1191 898 1291 952 Dictio
1308 898 1383 970 πρὸς
1398 904 1440 968 roi

264 971 359 1022 δοκεῖν
371 983 484 1020 sensum
496 966 629 1020 idoneum
641 983 697 1020 non
709 967 838 1036 praebet.
867 963 1084 1036 corrigendum:
1109 965 1181 1040 πρὸς
1197 967 1234 1021 τὸ
1256 970 1365 1027 δοκεῖν.
1387 974 1440 1033 „ut

263 1033 426 1088 videreris“.
446 1035 599 1087 Praeterea
610 1033 752 1088 Dressclii
765 1033 933 1103 conjectura
943 1035 1087 1089 αϊτιᾶσθαι
1100 1051 1156 1088 non
1169 1033 1321 1088 satisfacit.
1341 1033 1439 1087 Codex

266 1099 303 1155 0:
316 1106 465 1156 αἰτεῖσθαι.
500 1099 687 1154 Scribendum
700 1107 775 1154 crat:
789 1101 969 1170 ἡττῆσθαι.

332 1169 362 1222 Ρ.
375 1169 435 1236 395,
446 1169 509 1252 bsq.
522 1168 635 1238 nequis
648 1168 683 1222 de
696 1169 799 1222 mendo
812 1175 948 1238 suspecta
964 1166 1072 1222 habeat
1083 1167 1183 1222 verba:
1201 1166 1272 1241 μετὰ
1284 1169 1341 1224 τῶν
1353 1186 1438 1236 συνη-

264 1241 407 1304 θεστίρων
425 1241 520 1292 elusor
537 1241 611 1290 oinos
632 1237 785 1304 λκαθίσθη,
807 1253 922 1304 moneo,
940 1235 1132 1290 construenda
1152 1251 1216 1289 esse
1237 1234 1323 1288 verba
1343 1237 1440 1292 εἰσιὼν

266 1311 345 1368 οἴκοι,
359 1304 401 1357 ita
413 1309 445 1356 ut
457 1311 528 1358 οἴκοι
543 1304 581 1356 sit
593 1302 753 1370 „domum“,
766 1303 920 1356 secundum
933 1320 1015 1356 usum
1028 1302 1173 1368 rariorem,
1188 1303 1269 1371 cujus
1279 1304 1440 1372 exemplum

266 1375 360 1427 exstat
372 1371 457 1426 etiam
470 1370 499 1424 in
511 1368 652 1440 Xiphilini
663 1369 816 1439 Excerptis
835 1387 869 1424 ex
888 1369 988 1424 Cassio
999 1368 1096 1423 Dione
1109 1370 1150 1439 75,
1162 1369 1191 1422 9:
1210 1376 1282 1424 οἴκοι
1294 1369 1439 1443 ἀναχωρη-

265 1438 382 1495 σάντων.
398 1470 433 1480 ·-
449 1435 557 1492 Contra
579 1437 760 1508 corruptelae
777 1437 931 1492 manifeste
952 1443 1018 1491 sunt
1034 1437 1136 1505 verba,
1160 1453 1233 1506 quae
1250 1443 1317 1490 sunt
1332 1457 1359 1493 v.
1372 1437 1401 1488 7:
1422 1437 1439 1491 ὁ

265 1505 338 1570 θεός,
357 1503 563 1580 ὁέκλεξάμενός
575 1522 606 1560 σε
617 1510 662 1561 καλ
682 1510 785 1576 σοφίας
799 1503 980 1566 ἀναπαύσεως
996 1507 1051 1579 μὲν
1069 1506 1160 1560 ἕνεκεν
1173 1507 1229 1560 τῶν
1241 1505 1330 1576 εὐγνω
1355 1503 1437 1561 ὁνων.

265 1571 352 1628 Ocius
366 1575 491 1645 corrige:
505 1578 662 1644 σοφίσας.
687 1579 833 1643 Σοηιίζειν,
847 1590 903 1652 quo
915 1573 1003 1626 verbo
1017 1572 1063 1625 bic
1076 1573 1198 1640 scriptor
1209 1589 1277 1626 usus
1291 1589 1322 1626 es
1348 1571 1436 1626 etiam

263 1658 290 1761 p.
298 1641 356 1707 118,
370 1641 410 1709 19,
425 1649 452 1694 et
464 1659 491 1710 p.
497 1641 557 1705 351,
570 1641 595 1707 6,
607 1638 763 1708 significat:
776 1645 953 1710 „saprsntem
961 1639 1090 1705 reddere,
1100 1639 1276 1693 instituere“.
1288 1671 1322 1680 -
1334 1639 1438 1708 V.9sq.

283 1724 335 1762 acc
346 1709 526 1776 reperiuntur
535 1709 655 1774 scripta:
667 1711 713 1763 καὶ
724 1707 793 1781 ἡμῖν
805 1711 837 1763 δὲ
849 1715 915 1776 περὶ
924 1710 1056 1778 πονηρῶν
1065 1709 1244 1776 διαλεχθῆναι
1254 1725 1285 1763 σε
1295 1707 1435 1780 ἀξιοῦμεν,

264 1780 421 1840 ἐλπίζοντες
435 1773 623 1846 γνησιώτερόν
637 1793 668 1830 σε
684 1775 752 1895 {priv
764 1775 816 1831 τὸν
827 1781 891 1841 περὶ
902 1775 989 1830 αὐτοῦ
1000 1774 1117 1848 δκωάναι
1131 1775 1223 1845 λόγον.
1259 1774 1438 1830 Vocabulum

265 1845 398 1914 πονηρῶν
410 1859 496 1912 quum
513 1843 573 1911 jum
591 1858 687 1896 camo
724 1859 856 1896 caussam
876 1842 1017 1906 offendat,
1034 1843 1110 1912 quod
1126 1842 1237 1911 plurale
1255 1847 1313 1910 est,
1331 1848 1390 1896 tum
1407 1843 1438 1896 in

265 1931 332 1967 πον
360 1913 420 1984 ροῦ
441 1908 608 1962 mutandum
632 1925 695 1963 esse
718 1915 858 1964 monstrat
880 1927 912 1964 se
932 1927 1004 1963 uens
1029 1915 1094 1982 περὶ
1110 1910 1205 1966 αὐτοῦ.
1241 1907 1299 1963 cfr.
1314 1909 1398 1964 etiam
1410 1929 1438 1980 p.

263 1934 357 2044 3988
375 1983 405 2031 et
421 1976 462 2031 13.
496 1976 553 2030 Pro
575 1975 691 2050 ἔκφάναι
707 1978 903 2046 apographum
948 1978 1136 2032 rossolianum
1161 1976 1294 2046 praebet:
1315 1977 1437 2049 ἔκφάνει.

263 2046 339 2126 Ergo
353 2045 457 2116 aliquis
471 2043 608 2164 conpioiat
620 2043 802 2122 scribendum
815 2061 893 2099 csse:
911 2047 1083 2118 trusseia.
1105 2044 1169 2116 Ego
1181 2049 1278 2098 tamen
1289 2045 1389 2098 nescio
1401 2063 1438 2100 sn

283 2121 357 2167 otrus
370 2111 506 2182 scriptum
532 2111 609 2166 uisse
622 2111 728 2165 droam:
746 2114 900 2185 ἐκφῆναι.
924 2113 969 2166 De
988 2112 1095 2166 aoristo
1111 2112 1206 2166 verbis
1223 2112 1358 2182 sperandi
1371 2113 1438 2166 sub·

260 2188 363 2252 Juncto
377 2179 427 2234 cfr.
443 2180 572 2234 Lobeck.
582 2181 620 2233 ad
628 2178 785 2249 Phrynich.
796 2198 824 2248 p.
836 2180 907 2233 751⁸
930 2219 935 2230 .
953 2180 1054 2249 Neque
1066 2196 1135 2235 vero
1145 2181 1254 2250 opinor,
1267 2197 1438 2250 quemquam

263 2249 450 2318 probaturum
463 2264 528 2303 esse
537 2246 662 2320 ἔκηάναι,
674 2253 877 2317 provocantem
891 2199 928 2302 al
934 2247 1122 2328 Hesychium,
1135 2247 1212 2317 apud
1224 2265 1307 2316 quem
1320 2248 1438 2319 ἐκηάναι

263 2315 421 2386 explicatur
458 2331 488 2370 er
523 2318 673 2388 Ιανεραῖσαι.
709 2313 764 2378 Qui
787 2332 824 2384 pe
837 2316 898 2384 jem
916 2315 950 2368 L.
963 2314 1129 2368 Drudorfius
1148 2317 1177 2368 in
1195 2315 1283 2370 Thes.
1301 2315 1437 2396 Stephon.

264 2384 307 2439 ed.
319 2382 408 2437 Paris.
450 2382 485 2436 ol.
498 2335 551 2452 llI,
584 2382 653 2438 ,619
664 2333 866 2461 animalverlit
878 2383 1060 2437 scribendum
1075 2383 1178 2436 videri:
1200 2386 1331 2455 εκφᾶναι,
1349 2391 1390 2438 ita
1406 2389 1439 2438 ut

263 2468 317 2505 ror
330 2451 369 2506 sit
380 2467 398 2504 a
410 2450 547 2521 scriptore
590 2451 668 2504 orico
680 2449 818 2503 adhibita.
842 2451 963 2505 Locutio
979 2455 1122 2521 εκηαίνειν
1134 2449 1219 2523 λόγον
1231 2452 1344 2521 saepius
1357 2469 1438 2520 repe·

261 2518 342 2584 ritur,
356 2519 406 2572 cfr.
418 2537 441 2572 s.
473 2519 552 2571 ‚Eur
562 2517 600 2571 Hi
622 2517 679 2587 pol.
691 2534 718 2572 v.
727 2516 789 2584 881,
801 2517 909 2572 Herod.
920 2518 986 2586 VII,
997 2519 1054 2586 160,
1069 2517 1176 2572 Thales
1187 2537 1232 2587 ap.
1240 2519 1297 2573 Dio
1321 2520 1437 2576 .Laert.

263 2585 287 2652 I,
300 2587 341 2642 43.
350 2617 384 2625 -
395 2586 430 2642 V.
445 2536 475 2639 lgl
487 2536 651 2663 Dressellufls
665 2585 791 2665 scripsit:
804 2585 841 2665 ᾡς
851 2587 927 2656 αὐτη]
934 2589 1001 2648 ἔθος
1009 2585 1042 2655 ἦν
1051 2585 1124 2658 πρὸς
1134 2587 1200 2648 τοὺς
1210 2538 1436 2665 γνησιλῖιτίρους]

262 2657 407 2724 λέγεσθαι,
428 2669 501 2723 quse
516 2653 603 2708 verba
619 2667 662 2706 erc
680 2653 751 2706 fecit
767 2654 870 2707 latina:
891 2655 1150 2724 „quemadmodum
1168 2671 1229 2707 mos
1247 2671 1273 2708 er
1291 2662 1351 2708 erat
1372 2671 1437 2710 cum

263 2719 451 2776 familiaribus
465 2719 675 2793 colloquendi“.
700 2720 775 2784 Quin
786 2727 990 2793 γνηυιιοτέρους
1002 2721 1128 2792 genuine
1140 2721 1178 2773 sit
1188 2720 1275 2790 hujus
1291 2723 1437 2791 scriptoris

264 2805 379 2856 manus,
401 2789 531 2844 dubitare
549 2805 607 2842 non
624 2787 692 2840 sinit
709 2789 803 2853 locus,
825 2789 873 2859 qui
891 2797 935 2843 est
950 2808 978 2858 p.
990 2791 1049 2856 413,
1069 2790 1107 2842 17.
1143 2788 1282 2868 Exempla
1301 2789 1437 2844 vocabuli

263 2856 378 2976 yrp'pror
389 2874 407 2910 a
418 2856 626 2912 recentioribus
637 2853 758 2909 Graecis
770 2857 809 2910 ad
820 2864 1003 2976 ,,οοῇηολιιιυ,
1017 2856 1201 2911 familiarem‘·
1215 2855 1437 2927 significandum

264 2925 299 2980 ad
323 2924 386 2977 ibiti
403 2924 552 2994 congessit
571 2922 607 2977 G.
619 2923 785 2976 Diudorfius
802 2923 833 2976 in
850 2925 876 2976 T
899 2941 990 2980 esaur,
1008 2923 1141 2993 Stephsn.
1154 2923 1190 2977 ed
1206 2923 1297 2978 Paris.
1309 2925 1344 2979 V.
1357 2925 1396 2989 11,
1408 2943 1436 3004 p.

263 2989 321 3044 671.
357 2990 413 3044 Sed
426 3009 477 3058 pro
491 2996 623 3062 λέγεσθαι
635 2991 791 3066 repositum
804 2991 944 3060 oportuit:
962 2995 1205 3063 διαλέγεσθαι,
1219 3008 1275 3062 quo
1286 2993 1376 3048 verbo
1389 2992 1438 3047 hic

265 3057 385 3125 scriptor
397 3059 485 3111 etism
497 3057 527 3110 in
539 3062 715 3125 antegressrs
726 3074 796 3110 usus
809 3063 863 3111 est.

332 3124 365 3178 P.
376 3124 436 3190 397,
448 3126 465 3178 2
477 3124 612 3194 legimus:
625 3122 658 3178 τὸ
671 3125 701 3178 δὲ
712 3127 823 3188 πνεῦμα
832 3130 877 3180 καλ
888 3124 957 3181 αὐτὸ
968 3131 1001 3182 οδ
1010 3128 1166 3201 τριτογενὲς
1177 3125 1218 3188 ὄν,
1231 3126 1438 3206 άλλὰτριμερίς

157 3202 159 3206 ·
265 3195 332 3245 cett.
366 3188 407 3245 At
421 3191 592 3245 vocabulnm
608 3211 669 3260 τριτ
707 3195 765 3274 ενὲς
783 3200 946 3263 corruptum
963 3211 1039 3263 esse,
1061 3195 1146 3248 etiam
1165 3193 1436 3260 Uhlhornrusvidit,

266 3257 315 3314 cfr.
328 3258 347 3312 l.
360 3277 384 3314 c.
396 3278 423 3329 p.
436 3259 495 3325 190,
508 3260 605 3312 adnot.
617 3261 658 3315 58.
708 3261 815 3330 onJecit
828 3262 860 3328 is,
874 3262 1055 3316 scribendum
1070 3277 1147 3316 esse:
1160 3267 1326 3332 τετραγενίς.
1351 3261 1436 3326 Quod

263 3343 350 3396 quum
372 3328 410 3380 sit
431 3345 485 3396 „ex
501 3331 638 3397 quattuor
654 3328 804 3384 elementis
820 3333 932 3382 ortum*
953 3331 1109 3383 secundum
1126 3330 1230 3384 Homil.
1246 3329 1313 3398 XX,
1328 3331 1354 3395 8,
1372 3330 1435 3395 (cfr.

264 3396 350 3474 etiarn
366 3393 433 3460 XX,
446 3395 682 3474 ξ),Ρ.400,12οη.,
698 3396 765 3462 XX,
778 3396 803 3465 7,
818 3415 846 3466 p.
857 3397 917 3465 403,
931 3399 1039 3468 10sqq.)
1058 3397 1164 3452 bonam
1180 3399 1246 3453 oriri
1263 3401 1435 3452 senteutiam

262 3467 416 3529 existrmat3
427 3463 484 3516 d1ci
495 3479 583 3517 cmm:
595 3467 675 3534 σῶμα
685 3486 730 3519 m
749 3467 844 3535 αγενὲς
852 3481 924 3530 esse,
933 3468 1044 3538 πνεῦμα
1052 3483 1118 3519 vero
1128 3481 1185 3518 non
1195 3483 1258 3520 esse
1267 3472 1434 3539 τετραγενές.

264 3527 369 3648 stpp
381 3529 457 3583 enim
468 3546 536 3584 vero
547 3531 657 3584 verbis:
679 3485 761 3614 τὸηδὲ
778 3534 890 3606 πνεῦμα
904 3537 950 3586 καὶ
966 3532 1033 3587 αὐτὸ
1053 3533 1086 3587 οδ
1105 3537 1263 3612 τετραγενὲς
1275 3533 1314 3613 ξίν,
1336 3533 1433 3602 potius

260 3598 1435 3738 tatis,§littetsstttlittt'02220ttrz‘ttlttttstltttsttthtttstt

261 3735 395 3802 τριμερίς.
413 3730 478 3783 Non
493 3730 602 3796 dubito,
615 3732 685 3799 quin
693 3733 779 3804 legen
800 3751 847 3786 um
860 3733 912 3786 sit:
926 3756 1029 3790 τουτο
1058 3738 1138 3814 ενὲις,
1152 3738 1299 3806 „ejusdem
1309 3736 1433 3806 generis,

260 3811 294 3850 ex
306 3813 363 3849 uno
376 3796 532 3866 eodemque
545 3804 707 3852 constans“.
727 3832 757 3841 -
779 3802 813 3855 V.
825 3800 842 3853 5
858 3802 966 3855 nollem
977 3757 1152 3858 Uhlllornrus
1165 3803 1183 3856 l.
1196 3821 1221 3857 c.
1239 3821 1289 3873 pro
1303 3802 1433 3877 ηυραμά-

261 3884 317 3942 των
329 3863 381 3942 driu
394 3863 577 3918 scribendum
593 3867 802 3936 proposuisset:
824 3890 854 3940 φ.
868 3871 961 3934 δυοῖν,
982 3871 1053 3924 satis
1071 3871 1147 3923 enim
1163 3870 1205 3924 fre
1226 3887 1296 3924 usus
1314 3876 1358 3924 est
1380 3870 1433 3926 δύο

260 3930 473 3998 indeclinabile,
486 3931 564 4001 quod
576 3932 662 3987 etiam
674 3936 772 4004 psullo
784 3941 865 4006 post,
877 3952 903 3989 v.
917 3937 958 4000 14,
972 3937 1122 3992 invenitur.
1139 3970 1172 3978 -
1219 3980 1224 3991 .
1238 3939 1253 3990 7
1265 3937 1296 3990 in
1309 3938 1403 3992 verbis
1416 3939 1432 4006 ἡ

258 4000 313 4076 μὲν
329 3997 456 4072 οὐρανῶν
468 4004 641 4073 λεγομένων,
658 4001 674 4068 ἡ
694 4005 725 4059 δὲ
739 4007 795 4060 τῶν
807 4007 855 4059 ἐπὶ
865 4008 917 4074 γῆς
928 4008 982 4060 νῦν
992 4004 1197 4072 βασιλευόντων
1208 4022 1259 4076 pro
1272 4011 1433 4080 λεγομένων

259 4065 502 4122 εστιοουδσιιιελε
532 4090 547 4122 ο
582 4073 617 4124 ἐν
639 4109 645 4120 .
665 4069 720 4123 dfr.
754 4071 832 4136 .389,
846 4071 934 4140 11εη,
947 4071 997 4125 ubi
1010 4073 1118 4126 mentio
1130 4072 1163 4126 fit
1176 4077 1224 4142 τῆς
1236 4076 1293 4130 τῶν
1306 4073 1433 4143 οὐρανῶν

258 4133 491 4218 perruptas—Di
526 4089 641 4190 cillaall
650 4089 857 4192 emenlcndum
867 4141 1037 4206 suntvsrba,
1051 4156 1123 4209 quac
1133 4141 1267 4212 leguntur
1277 4160 1303 4194 v.
1316 4142 1432 4210 lllsqq.:

261 4218 276 4250 o
290 4199 321 4250 δὲ
333 4200 434 4279 ἕτερος,
447 4207 492 4256 καλ
503 4202 588 4264 αὐτὸς
596 4203 724 4272 βασιλεὺς
736 4205 869 4278 ὑπάρχων
882 4209 934 4261 τοῦ
945 4209 1083 4279 δσομενου
1095 4212 1203 4274 αἰῶνος,
1217 4214 1324 4279 στέργειΙ
1337 4213 1431 4264 πᾶσαν

258 4261 419 4333 άνθρωπων
430 4267 533 4338 φάσιν,
550 4272 581 4324 ἐν
597 4279 656 4332 τοῖς
668 4276 789 4344 παροῦσι
810 4272 861 4342 τὴν
873 4283 1030 4358 παρρησίαν
1041 4277 1116 4345 ἔχειν
1128 4276 1336 4350 οδδυνάμενος,
1351 4275 1429 4348 [ἁλλ’]

267 4326 280 4346 ss

259 4347 295 4387 ως
306 4336 347 4388 τίς
359 4331 420 4386 ποτ’
436 4336 497 4388 ἐστὶ
512 4333 663 4394 λανθάνειν
675 4339 850 4414 πειρώμενος
861 4361 895 4395 τα
909 4347 1090 4414 συμφέροντα
1104 4343 1293 4418 συμβουλεύει.
1328 4344 1428 4397 Inesse
