3126 4894
262 270 323 334 164
733 287 961 338 υυκυιυιυιυκ

263 441 379 544 ἀγαθὸς
393 433 507 514 εἶναι,’
487 468 510 519 ῳ
524 438 679 520 παρέπεται
694 439 726 504 τὸ
742 439 874 519 καθαρὸν
889 439 1047 546 γενέσθαι·
1058 439 1088 502 ἐκ
1106 441 1156 520 τής
1171 438 1272 501 505¹³
1237 464 1303 544 ηαρ
1309 439 1440 543 διανοίας

263 524 279 608 ή
295 551 344 589 του
331 524 467 600 ’ἔξω’
426 549 557 606 σωματος
572 523 672 606 ἀγαθή
688 524 789 605 γίνεται
799 521 924 630 πρόνοια.
940 521 979 594 ὡς
994 521 1052 586 ἀπὸ
1067 525 1148 626 τῆς
1130 521 1205 585 κατὰ
1217 523 1250 584 τὸ
1261 525 1345 604 σῶμα
1357 523 1439 586 ἀναι-

262 611 387 711 σθησιάς
408 613 458 690 τῆς
478 609 602 680 διανοίας
623 607 740 688 πρόνοια
763 609 895 709 γενέσθαι
914 606 947 712 ρύ
968 605 1095 680 δύναται,
1114 604 1203 677 οὕτως
1221 604 1237 669 5
1253 606 1387 688 καθαρὸς
1402 607 1438 670 τὸ

262 695 317 757 ἔσω
337 690 431 757 καὶτὸ
451 693 505 767 ἔξω
521 691 652 774 καθάραι
667 691 794 798 δύνατμι·
814 689 830 753 ό
851 687 927 752 55³
895 715 932 754 τα
951 691 1005 766 ἔξω
1021 691 1170 771 καθαίρων
1185 691 1256 771 πρὸς
1271 689 1439 793 ἀνθρώπων

262 778 375 840 ἔπαινον
391 777 506 884 ἀφορῶν
521 781 605 839 τούτο
619 786 699 851 ποιεῖ,
714 773 760 839 καί
776 776 888 839 ἔπαινον
902 779 958 838 τῶν
973 773 1163 854 ἱστορούντων,
1178 772 1259 856 παρά
1274 771 1354 837 δὲ
1314 801 1355 853 τῳ
1370 779 1437 852 θεῷ

261 861 367 940 μισθὸν
382 861 431 922 οὐκ
446 861 508 940 ἔχει.

346 961 463 1020 LXIX.
507 958 568 1024 Καὶ
587 965 678 1026 ταῦτα
698 955 847 1024 αὐτόν’
802 987 848 1024 και
873 957 982 1065 ἕτερα
976 959 1091 1023 πλεύινα
1098 953 1175 1063 περὶ
1197 955 1331 1040 ἁγνισμοῦ
1352 959 1439 1023 ε’παύ

262 1046 358 1108 σατυ.1
373 1049 455 1126 τριῶν
470 1044 519 1109 ούν
526 1045 605 1150 2ήδη
618 1049 711 1126 μηνῶν
725 1045 944 1152 πληρωθέντων,
959 1038 998 1106 ὧν
1013 1043 1166 1123 νηστεῦσαί
1174 1067 1208 1122 με
1223 1041 1388 1106 ε’κελευσεν’
1373 1069 1438 1125 ημε

262 1135 334 1233 050
333 1127 350 1191 5
365 1129 522 1210 Πέτρος,’
505 1129 625 1233 αγαμόν
631 1155 665 1210 με
679 1131 718 1200 είς
731 1130 784 1200 τὰς
797 1133 826 1192 ἐν
840 1155 873 1208 τη
862 1127 1026 1226 θαλήσση
1035 1083 1206 1228 5555*
1173 1152 1261 1198 ουσας
1270 1127 1380 1232 πηγὰς,
1397 1127 1438 1200 ὡς

261 1215 300 1285 είς
315 1213 433 1276 ἀίνναον
448 1213 595 1315 ἐβάπτισεν
608 1212 683 1317 ὕδωρ
702 1215 741 1284 είς
760 1213 794 1275 τό
812 1238 911 1292 ονομα
919 1217 969 1275 τού
987 1212 1096 1293 πατρὸς
1116 1207 1163 1274 καὶ
1181 1215 1230 1274 τού
1248 1211 1308 1274 5505
1321 1209 1439 1276 καὶτοῦ

263 1295 343 1379 ἀηίου
357 1297 524 1378 πνεύματος.
544 1325 589 1361 και
582 1293 732 1379 ι”λιιβο“ιν
712 1294 827 1377 αρτονό
844 1297 954 1376 Πέτρος
968 1295 1168 1401 εύηαριστήσας
1181 1322 1228 1358 και
1220 1293 1349 1367 κλάσας
1359 1299 1438 1402 μετέ-

263 1379 376 1444 δωκε(ν
363 1391 425 1462 ημῖν
440 1387 495 1482 τών
511 1380 657 1487 ἀχρήντων
672 1407 719 1444 και
711 1378 877 1454 ’ζωοποιεῖν
891 1382 1053 1461 μυστηρίων
1069 1379 1158 1450 οὕτως
1172 1379 1220 1444 050
1234 1379 1438 1480 εύωχηθέντων

262 1469 319 1528 τῶν
335 1463 491 1567 ἀδελφῶν
478 1471 553 1547 ημῶν
565 1461 609 1527 ε’πί
620 1491 653 1544 τη
644 1464 836 1567 θευδωρήτῳ
845 1489 899 1544 μου
913 1463 1090 1546 ἀναγεννήσει
1101 1459 1244 1537 δόξαν
1198 1489 1245 1526 και
1231 1464 1437 1567 εύχαρισηίιαν

262 1553 301 1627 τῴ
321 1553 383 1626 θεῷ
401 1549 625 1629 ἀποδεδώκαμεν.
651 1553 755 1612 πολλου
775 1546 805 1610 δὲ
823 1549 906 1628 ὄχλου
924 1550 1183 1628 συναθροισθέντος
1207 1547 1318 1620 νόσους,
1339 1548 1437 1628 πάθη,

261 1633 397 1712 δαήιονας
412 1630 591 1705 ἀπελάσας
577 1659 594 1694 ο
610 1634 722 1713 Πέτρος
737 1659 783 1695 και
774 1629 947 1738 “βαπτίσας
959 1631 1079 1702 πολλοὺς
1095 1631 1296 1735 Μαρομύτην“
1270 1658 1319 1696 τον
1334 1588 1437 1695 ἀποδό

260 1715 428 1822 ξήμενον’
393 1717 513 1791 αυτὸν,ι
506 1713 553 1822 ’ήδη
568 1717 663 1780 λοιπὸν
678 1717 778 1780 τέλειον
793 1741 875 1791 οντα,
899 1741 1048 1778 επισκοπον
1063 1714 1245 1796 καταστήσας·
1258 1743 1305 1778 και
1297 1712 1437 1818 “πρεσβυ

260 1802 355 1880 τέρους
377 1798 518 1862 δώδεκα
504 1800 603 1880 ορίσας
624 1796 672 1863 καὶ
687 1799 838 1902 διακόνους
857 1797 981 1874 δείξας
970 1801 1038 1880 υπέρ
1057 1825 1088 1862 τε
1102 1801 1151 1862 τού
1165 1803 1257 1862 κοινοῦ
1271 1796 1319 1862 καὶ
1333 1803 1438 1907 συμφή-

259 1909 356 1964 ρυντος
377 1888 427 1964 τής
448 1885 592 1964 ε’κκλη’σιας
612 1879 659 1946 καὶ
681 1881 750 1963 ὑπὲρ
771 1889 821 1966 της
843 1885 951 1958 τάξεως
972 1882 1179 1964 προσομιλήσας
1203 1883 1303 1962 αύτῴ3
1324 1895 1383 1956 τοῖς
1408 1889 1438 1949 ἐν

263 1967 442 2068 Τριπόλει
408 1992 457 2049 της
481 1968 611 2048 Φοινίκης
630 1926 887 2049 ἀποταξάμένος’
861 1994 910 2050 την
929 1971 974 2031 ἐπι
966 1965 1216 2048 ι’”Αντιόχειαν
1183 1994 1233 2049 της
1248 1970 1389 2050 Συρίας’
1372 1996 1438 2033 επο-

261 2045 355 2128 ρεύετο
370 2050 443 2114 ὁδόν.

344 2152 445 2210 LXX.
488 2151 680 2234 Ἐκβάντες
648 2179 697 2253 ουμ
712 2153 761 2234 τήν
780 2154 958 2259 Τριπολιν
925 2178 974 2235 της
992 2151 1167 2232 (θοινίκης,
1146 2181 1187 2225 ως
1201 2156 1246 2216 ε’πι
1238 2150 1437 2258 Ἀντιύηειαν

260 2239 309 2340 τής
324 2237 430 2316 Συριας
423 2237 550 2310 ·ελθεῐν,
571 2238 656 2317 αάτής
674 2235 779 2318 ἡμέρας
798 2241 826 2300 έν
842 2183 1018 2320 '00505'5‘
1002 2240 1144 2319 εμείναμεν
1158 2239 1302 2310 ελθόντες
1323 2265 1371 2302 και
1362 2237 1437 2304 ’διὰ

259 2320 292 2382 τὸ
312 2321 427 2400 πλησίον
447 2315 550 2382 εἶναι
535 2347 567 2420 ης
581 2321 740 2426 ἐξήλθομεν
758 2321 889 2426 μόλεως,
902 2321 1017 2384 πάντων
1035 2323 1132 2401 σχεδὸν
1151 2321 1369 2404 προακηκοότων
1384 2329 1436 2387 τού

259 2403 439 2502 κηρύγματος,
454 2408 520 2484 μιοὶς
535 2403 638 2486 ἡμέρας
650 2405 707 2468 ἐκει
716 2408 858 2486 μείναντες
870 2405 1017 2487 ἀπήραμεν
1028 2407 1067 2478 είς
1081 2406 1264 2506 Ἀντάραδον.
1280 2411 1393 2470 πολλῶν
1406 2406 1438 2472 δὲ

258 2493 314 2550 τῶν
328 2487 622 2569 συνοδοιπορούντων
610 2499 672 2596 ημῖν
682 2490 770 2553 όντων
785 2488 801 2551 5
817 2492 928 2570 [λίτρας
943 2489 1053 2570 Νικήτη
1068 2517 1115 2552 και
1107 2487 1236 2573 Ἀκόλᾳ
1250 2493 1437 2595 προσωμιλει1

257 2574 355 2652 λέγων
375 2571 500 2655 ἐπειδή
487 2573 604 2644 οπολύς
625 2573 721 2679 ὄχλος
725 2579 781 2637 τών
796 2573 1091 2653 συνοδυιπορούντων
1078 2584 1141 2678 ημῖν
1161 2577 1194 2639 05
1209 2578 1305 2680 μικρὸν
1320 2577 1437 2658 φθόνον

257 2657 403 2761 ειίμούσιν2
423 2656 498 2720 κατά
518 2656 631 2720 πόλιν’
616 2663 781 2733 επισποῖται,
804 2659 965 2763 ἀναηκαίως
985 2659 1146 2739 ἐσκεψάμην
1167 2662 1330 2764 φροντίσαι,
1353 2664 1437 2732 πῶς3

256 2737 293 2818 μή
294 2764 323 2801 τε
338 2735 412 2802 οὗτοι
422 2742 605 2820 λυπηθώσιν*
619 2745 792 2814 κωλυθέντες
802 2751 922 2805 συνεῖναι
932 2739 1004 2823 ήμίν,
1018 2769 1056 2846 μη
1049 2742 1181 2804 ποτεὸ
1169 2753 1246 2823 ημεῐς
1257 2745 1435 2825 περίβλεπτοι

258 2821 393 2924 γενόμενοι
408 2823 510 2923 φθόνῳ
524 2827 584 2902 τῴθ
597 2829 647 2904 της
659 2827 759 2897 κακίας
772 2824 963 2904 ύποπεσωμεν.
978 2826 1076 2888 τούτου
1087 2827 1176 2888 ἕνεκεν
1186 2826 1327 2928 βιιόλμμαί
1337 2854 1370 2891 σε
1384 2830 1436 2895 τὸν

258 2905 383 2986 Νικήτην
398 2933 446 2968 και
438 2885 580 2970 Ἀκύλαν
594 2908 751 2986 προοδεύειν
765 2935 819 2989 μου
833 2909 908 2972 κατὰ
922 2908 1086 2990 συστήματα
1101 2908 1150 2970 δύο
1163 2911 1317 2992 σποράδην.

342 3013 458 3071 LXXI.
507 3019 608 3076 Ταιῖτα
638 3020 688 3078 τού
715 3018 983 3122 11505505'550004
1010 3018 1208 3118 ἀπεκρίθησαν
1230 3019 1358 3121 Νικήτης
1385 3019 1436 3086 καὶ

257 3094 425 3166 Ἀκύλας
397 3095 520 3167 ειπόντες
539 3097 627 3176 αύτῴ
649 3100 681 3161 05
700 3100 775 3162 πάνυ
789 3099 871 3181 ήμοῐς,
891 3102 976 3182 κύριε,
996 3106 1078 3164 λυπεῖ
1091 3106 1173 3166 τοῦτο
1188 3101 1321 3206 πράττειν
1336 3105 1429 3169 505³
1400 3132 1435 3169 το

256 3175 313 3239 555
327 3183 378 3240 005
393 3179 569 3284 κελεύεσθαι
584 3185 695 3261 πρῶτον
709 3199 758 3264 μεν
771 3184 814 3247 ὅτι
828 3186 924 3248 πάντα
939 3190 1032 3257 καλῶς
1045 3197 1117 3249 νοεῖν
1132 3212 1162 3248 τε
1177 3213 1225 3250 και
1231 3190 1435 3290 συμβουλεύειν

256 3261 371 3336 ἀξιος
349 3289 397 3336 ων,
413 3261 468 3366 ὑπή
482 3267 533 3344 τής
546 3269 596 3327 τοῦ
610 3272 681 3329 θεοῦ
681 3292 829 3371 προνοιας
840 3268 976 3370 ε’ξελεήεις
961 3271 992 3312 ¹
1007 3271 1078 3350 πρὸς
1089 3271 1197 3342 τούτοις
1210 3270 1291 3344 δὲιυς
1302 3270 1436 3338 ἐπιπολὺ

255 3343 363 3426 ήμερών
379 3346 462 3452 δόρ’
443 3347 551 3454 ανήηκη
565 3353 615 3411 τοῦ
629 3351 762 3430 πράττειν
777 3358 859 3454 τμότο
875 3353 1135 3434 ἀπολιμπανόμεθά
1153 3373 1217 3419 σου
1237 3353 1285 3419 καὶΙ
1302 3353 1388 3421 αὗται
1405 3357 1437 3422 δὲ

254 3427 389 3492 πολλαι
373 3431 444 3510 πρὸς
463 3433 495 3494 τὸ
517 3434 554 3514 μή
569 3429 601 3496 σὲ
619 3434 668 3498 τὸν
683 3436 772 3516 κύριον
787 3435 863 3518 ήμων
878 3435 962 3540 ορᾶη,
982 3437 1088 3520 πλήν(
1068 3466 1107 3511 ως
1122 3439 1239 3512 κελεύεις
1254 3441 1342 3504 505³
1316 3468 1351 3504 το
1365 3468 1434 3525 συμ

253 3513 337 3592 φέρον
351 3525 439 3576 ποιεῖν
454 3517 503 3578 ούκ
519 3517 734 3598 ἀντιλεὟγομεν
717 3545 794 3599 ομως
810 3524 900 3582 ταῦτα
914 3522 1038 3593 εἰπόντες
1052 3549 1125 3604 προν
1114 3525 1189 3598 ξαν

335 3621 468 3681 LXXII
514 3626 764 3704 Πορευθέντων
733 3653 781 3728 ομν
796 3628 889 3690 αὐτῶν
905 3631 958 3730 εἠὼ
973 3631 1091 3712 Κλήμης
1109 3632 1271 3732 μεηάλως”
1254 3659 1375 3714 εχαιρον,
1390 3636 1435 3742 ήτι

252 3699 302 3762 σύν
318 3700 396 3780 αὐτῷ
408 3730 443 3783 με
457 3707 593 3770 ἐκελευσεν
608 3710 685 3772 εἶναι.
705 3737 751 3772 και
772 3709 938 3790 ἀποκριθεὶς
956 3715 1047 3777 ειπον
1069 3717 1225 3821 εὐχαριστῶ
1240 3723 1280 3796 τῷ
1295 3721 1408 3799 θεῷ)
1390 3748 1435 3784 οτι

250 3809 286 3883 με
300 3783 350 3846 οὐκ
365 3765 614 3864 ἐξαπέστειλας,
594 3818 633 3862 ως
647 3792 712 3864 τοὺς
710 3795 866 3899 ἑταιρομς,
881 3799 940 3859 ε’πει
931 3793 1161 3878 ’ὀδυνώμενος’
1142 3828 1179 3864 αν
1194 3805 1352 3886 διεπεφωνι
1353 3831 1420 3870 κειν
1424 3808 1436 3848 ¹

250 3864 267 3926 5
283 3862 343 3928 55
327 3885 391 3949 εφη
410 3895 435 3932 τι
434 3867 527 3946 ’δαλ2
548 3899 571 3936 ει
590 3872 637 3936 καί
655 3877 733 3955 χρεία
754 3901 795 3948 τις
813 3879 892 3942 ἔσται
895 3885 1082 3983 πεμφθῆναί
1096 3886 1132 3947 σέ
1141 3911 1210 3960 που,
1231 3887 1267 3950 05
1290 3886 1321 3950 55
1336 3890 1428 3993 δηά“
1399 3917 1435 3954 το

250 3950 321 4028 πρὸς
341 3953 431 4055 ἀλίηον
447 3952 703 4034 ἀπολκμπάνεσθαι
712 3985 766 4039 μου
780 3962 988 4068 συμφερόντως,
1005 3966 1050 4029 διὰ
1066 3973 1150 4031 τουτο
1164 3970 1306 4051 τεθνήξῃ,
1318 3971 1387 4080 ούηι
1405 3974 1435 4038 δὲ

250 4035 457 4127 προσομιλήσας
471 4043 579 4116 σεαυτῷ
595 4042 685 4120 φέρειν
704 4042 741 4144 τήι
761 4045 848 4107 505³
822 4072 871 4126 την
891 4047 1013 4129 ἀνάμιην
1033 4075 1076 4112 σοι
1074 4053 1282 4158 προσαηέντα
1297 4058 1436 4139 εὐθύμως

250 4110 418 4212 ύποσταιης;
433 4118 449 4198 5
465 4120 514 4180 οὐκ
529 4122 662 4195 οἶσθα,“
644 4149 687 4184 οτι
701 4124 817 4189 σύνεισιν
832 4155 857 4190 οι
853 4130 956 4233 ‘5500
955 4143 1018 4204 ταῖς
1027 4134 1148 4238 μνήμαις
1163 4163 1217 4198 καν
1233 4163 1293 4209 τοις
1303 4140 1435 4221 σώμασιν

252 4193 574 4298 5505555501055043‘
555 4229 594 4274 ως
612 4206 676 4267 ἔνιοι
696 4208 823 4282 συνόντες
842 4213 1041 4294 τοιςσούμασιν
1056 4218 1253 4300 ἀμνημοσύνης
1272 4224 1354 4286 αι’τία
1368 4237 1436 4300 ταῖς

251 4286 355 4352 ψυχαις
370 4279 542 4360 ἀποδημοῦσι
556 4297 614 4356 τοῖς
627 4289 773 4368 φιλοις..
