<?xml version="1.0" encoding="UTF-8"?>
<!DOCTYPE html PUBLIC "-//W3C//DTD XHTML 1.0 Transitional//EN"
    "http://www.w3.org/TR/xhtml1/DTD/xhtml1-transitional.dtd">
<html xmlns="http://www.w3.org/1999/xhtml" xml:lang="en" lang="en">
 <head>
  <title>
</title>
<meta http-equiv="Content-Type" content="text/html;charset=utf-8" />
  <meta name='ocr-system' content='tesseract 3.04.00' />
  <meta name='ocr-capabilities' content='ocr_page ocr_carea ocr_par ocr_line ocrx_word'/>
</head>
<body>
  <div class='ocr_page' id='page_1' title='image "./clementinorumep00dresgoog_0147.png"; bbox 0 0 3126 4894; ppageno 0'>
   <div class='ocr_carea' id='block_1_1' title="bbox 255 299 951 364">
    <p class='ocr_par' dir='ltr' id='par_1_1' title="bbox 255 299 951 364">
     <span class='ocr_line' id='line_1_1' title="bbox 255 299 951 364; baseline -0.001 0"><span class='ocrx_word' id='word_1_1' title='bbox 255 299 316 364; x_wconf 82' lang='lat'><strong><em>128</em></strong></span> <span class='ocrx_word' id='word_1_2' title='bbox 722 313 951 364; x_wconf 78' lang='grc' dir='ltr'><strong><em>οιωιωκτιωι</em></strong></span> 
     </span>
    </p>
   </div>
   <div class='ocr_carea' id='block_1_2' title="bbox 253 462 1428 740">
    <p class='ocr_par' dir='ltr' id='par_1_2' title="bbox 253 462 1428 718">
     <span class='ocr_line' id='line_1_2' title="bbox 253 462 1428 576; baseline -0.003 -44"><span class='ocrx_word' id='word_1_3' title='bbox 253 470 336 550; x_wconf 86' lang='grc' dir='ltr'><strong><em>μένου</em></strong></span> <span class='ocrx_word' id='word_1_4' title='bbox 349 493 410 573; x_wconf 82' lang='grc' dir='ltr'><strong><em>μου,</em></strong></span> <span class='ocrx_word' id='word_1_5' title='bbox 426 465 539 540; x_wconf 83' lang='grc' dir='ltr'><strong><em>πολύς</em></strong></span> <span class='ocrx_word' id='word_1_6' title='bbox 526 493 542 530; x_wconf 99' lang='grc' dir='ltr'><strong><em>ο</em></strong></span> <span class='ocrx_word' id='word_1_7' title='bbox 558 471 608 576; x_wconf 78' lang='lat'><strong><em>064</em></strong></span> <span class='ocrx_word' id='word_1_8' title='bbox 621 469 794 550; x_wconf 80' lang='grc' dir='ltr'><strong><em>παρολκῆς’</em></strong></span> <span class='ocrx_word' id='word_1_9' title='bbox 777 468 883 550; x_wconf 86' lang='grc' dir='ltr'><strong><em>εγένετσ</em></strong></span> <span class='ocrx_word' id='word_1_10' title='bbox 896 462 1007 570; x_wconf 94' lang='grc' dir='ltr'><strong><em>χρόνος,</em></strong></span> <span class='ocrx_word' id='word_1_11' title='bbox 1026 469 1083 530; x_wconf 86' lang='grc' dir='ltr'><strong><em>τών</em></strong></span> <span class='ocrx_word' id='word_1_12' title='bbox 1087 465 1236 572; x_wconf 79' lang='grc' dir='ltr'><strong><em>βιωτικῶγ</em></strong></span> <span class='ocrx_word' id='word_1_13' title='bbox 1250 464 1428 570; x_wconf 80' lang='grc' dir='ltr'><strong><em>πραγμάτῳν</em></strong></span> 
     </span>
     <span class='ocr_line' id='line_1_3' title="bbox 255 547 1428 654; baseline -0.005 -36"><span class='ocrx_word' id='word_1_14' title='bbox 255 551 455 618; x_wconf 75' lang='grc' dir='ltr'><strong><em>δυσεκλύτων’</em></strong></span> <span class='ocrx_word' id='word_1_15' title='bbox 439 567 540 616; x_wconf 89' lang='grc' dir='ltr'><strong><em>οντων·</em></strong></span> <span class='ocrx_word' id='word_1_16' title='bbox 556 556 644 634; x_wconf 87' lang='grc' dir='ltr'><strong><em>πέρας</em></strong></span> <span class='ocrx_word' id='word_1_17' title='bbox 658 557 723 635; x_wconf 85' lang='grc' dir='ltr'><strong><em>γοῦν</em></strong></span> <span class='ocrx_word' id='word_1_18' title='bbox 738 551 892 633; x_wconf 73' lang='grc' dir='ltr'><strong><em>συννοήσας</em></strong></span> <span class='ocrx_word' id='word_1_19' title='bbox 906 549 1053 632; x_wconf 73' lang='grc' dir='ltr'><strong><em>ώδήποτε3</em></strong></span> <span class='ocrx_word' id='word_1_20' title='bbox 1067 550 1117 633; x_wconf 78' lang='grc' dir='ltr'><strong><em>τὴν</em></strong></span> <span class='ocrx_word' id='word_1_21' title='bbox 1131 577 1180 614; x_wconf 93' lang='grc' dir='ltr'><strong><em>του</em></strong></span> <span class='ocrx_word' id='word_1_22' title='bbox 1168 551 1256 654; x_wconf 86' lang='grc' dir='ltr'><strong><em>βίου</em></strong></span> <span class='ocrx_word' id='word_1_23' title='bbox 1270 549 1361 634; x_wconf 88' lang='grc' dir='ltr'><strong><em>φύσιν,</em></strong></span> <span class='ocrx_word' id='word_1_24' title='bbox 1382 547 1428 612; x_wconf 89' lang='grc' dir='ltr'><strong><em>ὅτι</em></strong></span> 
     </span>
     <span class='ocr_line' id='line_1_4' title="bbox 254 631 1426 740; baseline -0.003 -38"><span class='ocrx_word' id='word_1_25' title='bbox 254 639 342 702; x_wconf 86' lang='grc' dir='ltr'><strong><em>ελπίδι</em></strong></span> <span class='ocrx_word' id='word_1_26' title='bbox 357 641 498 701; x_wconf 82' lang='grc' dir='ltr'><strong><em>ἐκπλυκών</em></strong></span> <span class='ocrx_word' id='word_1_27' title='bbox 512 637 577 709; x_wconf 84' lang='grc' dir='ltr'><strong><em>τούς</em></strong></span> <span class='ocrx_word' id='word_1_28' title='bbox 591 637 762 708; x_wconf 71' lang='grc' dir='ltr'><strong><em>σπεύδοντας</em></strong></span> <span class='ocrx_word' id='word_1_29' title='bbox 781 635 922 740; x_wconf 75' lang='grc' dir='ltr'><strong><em>ἐνεδρεύοι,</em></strong></span> <span class='ocrx_word' id='word_1_30' title='bbox 945 636 978 698; x_wconf 88' lang='lat'><strong><em>06</em></strong></span> <span class='ocrx_word' id='word_1_31' title='bbox 997 637 1052 740; x_wconf 69' lang='grc' dir='ltr'><strong><em>μην</em></strong></span> <span class='ocrx_word' id='word_1_32' title='bbox 1068 636 1142 700; x_wconf 85' lang='grc' dir='ltr'><strong><em>ἀλλά</em></strong></span> <span class='ocrx_word' id='word_1_33' title='bbox 1162 632 1210 698; x_wconf 78' lang='grc' dir='ltr'><strong><em>καλ</em></strong></span> <span class='ocrx_word' id='word_1_34' title='bbox 1229 631 1261 696; x_wconf 87' lang='grc' dir='ltr'><strong><em>ὅν</em></strong></span> <span class='ocrx_word' id='word_1_35' title='bbox 1276 659 1345 697; x_wconf 90' lang='grc' dir='ltr'><strong><em>ποτε</em></strong></span> <span class='ocrx_word' id='word_1_36' title='bbox 1360 635 1426 698; x_wconf 78' lang='grc' dir='ltr'><strong><em>εἰσε-</em></strong></span> 
     </span>
    </p>
   </div>
   <div class='ocr_carea' id='block_1_3' title="bbox 254 717 1427 825">
    <p class='ocr_par' dir='ltr' id='par_1_3' title="bbox 254 717 1427 825">
     <span class='ocr_line' id='line_1_5' title="bbox 254 717 1427 825; baseline -0.006 -38"><span class='ocrx_word' id='word_1_37' title='bbox 254 722 363 803; x_wconf 88' lang='grc' dir='ltr'><strong><em>κλάπην</em></strong></span> <span class='ocrx_word' id='word_1_38' title='bbox 377 720 474 802; x_wconf 90' lang='grc' dir='ltr'><strong><em>χρόνον</em></strong></span> <span class='ocrx_word' id='word_1_39' title='bbox 490 720 579 825; x_wconf 82' lang='grc' dir='ltr'><strong><em>ε’ληίσι</em></strong></span> <span class='ocrx_word' id='word_1_40' title='bbox 600 720 774 824; x_wconf 89' lang='grc' dir='ltr'><strong><em>δονούμενος,</em></strong></span> <span class='ocrx_word' id='word_1_41' title='bbox 796 717 842 784; x_wconf 74' lang='grc' dir='ltr'><strong><em>καὶ</em></strong></span> <span class='ocrx_word' id='word_1_42' title='bbox 857 721 900 784; x_wconf 90' lang='grc' dir='ltr'><strong><em>ὅτι</em></strong></span> <span class='ocrx_word' id='word_1_43' title='bbox 913 719 1003 792; x_wconf 79' lang='grc' dir='ltr'><strong><em>οὕτως</em></strong></span> <span class='ocrx_word' id='word_1_44' title='bbox 1023 719 1218 823; x_wconf 88' lang='grc' dir='ltr'><strong><em>ἀσχολούμενοι</em></strong></span> <span class='ocrx_word' id='word_1_45' title='bbox 1234 744 1260 782; x_wconf 93' lang='grc' dir='ltr'><strong><em>οι</em></strong></span> <span class='ocrx_word' id='word_1_46' title='bbox 1255 717 1427 798; x_wconf 71' lang='grc' dir='ltr'><strong><em>ιἀνθρωποι</em></strong></span> 
     </span>
    </p>
   </div>
   <div class='ocr_carea' id='block_1_4' title="bbox 254 799 1521 908">
    <p class='ocr_par' dir='ltr' id='par_1_4' title="bbox 254 799 1521 908">
     <span class='ocr_line' id='line_1_6' title="bbox 254 799 1521 908; baseline -0.007 -37"><span class='ocrx_word' id='word_1_47' title='bbox 254 805 486 888; x_wconf 77' lang='grc' dir='ltr'><strong><em>ἀποθνήσκομεν,</em></strong></span> <span class='ocrx_word' id='word_1_48' title='bbox 500 806 538 869; x_wconf 85' lang='grc' dir='ltr'><strong><em>τὰ</em></strong></span> <span class='ocrx_word' id='word_1_49' title='bbox 552 805 649 908; x_wconf 76' lang='lat'>06006</span> <span class='ocrx_word' id='word_1_50' title='bbox 662 831 722 908; x_wconf 91' lang='grc' dir='ltr'><strong><em>μου</em></strong></span> <span class='ocrx_word' id='word_1_51' title='bbox 729 803 769 878; x_wconf 86' lang='grc' dir='ltr'><strong><em>ώς</em></strong></span> <span class='ocrx_word' id='word_1_52' title='bbox 784 807 876 886; x_wconf 86' lang='grc' dir='ltr'><strong><em>ἔτυχεν</em></strong></span> <span class='ocrx_word' id='word_1_53' title='bbox 892 801 974 887; x_wconf 73' lang='grc' dir='ltr'><strong><em>ἀφεὶς</em></strong></span> <span class='ocrx_word' id='word_1_54' title='bbox 988 831 1027 876; x_wconf 93' lang='grc' dir='ltr'><strong><em>εις</em></strong></span> <span class='ocrx_word' id='word_1_55' title='bbox 1042 802 1309 908; x_wconf 68' lang='lat'><strong><em>1166000“06606006⁴</em></strong></span> <span class='ocrx_word' id='word_1_56' title='bbox 1325 799 1372 865; x_wconf 82' lang='grc' dir='ltr'><strong><em>καὶ</em></strong></span> <span class='ocrx_word' id='word_1_57' title='bbox 1388 804 1428 874; x_wconf 79' lang='grc' dir='ltr'><strong><em>εἰς</em></strong></span> <span class='ocrx_word' id='word_1_58' title='bbox 1509 851 1521 862; x_wconf 96' lang='grc'><em>.</em></span> 
     </span>
    </p>
   </div>
   <div class='ocr_carea' id='block_1_5' title="bbox 164 886 1432 2362">
    <p class='ocr_par' dir='ltr' id='par_1_5' title="bbox 253 886 1431 1478">
     <span class='ocr_line' id='line_1_7' title="bbox 253 886 1429 997; baseline -0.005 -42"><span class='ocrx_word' id='word_1_59' title='bbox 253 891 303 956; x_wconf 84' lang='grc' dir='ltr'><strong><em>τὸν</em></strong></span> <span class='ocrx_word' id='word_1_60' title='bbox 318 893 413 970; x_wconf 88' lang='grc' dir='ltr'><strong><em>λιμένα</em></strong></span> <span class='ocrx_word' id='word_1_61' title='bbox 427 889 523 954; x_wconf 80' lang='grc' dir='ltr'><strong><em>ἐλθών</em></strong></span> <span class='ocrx_word' id='word_1_62' title='bbox 537 887 583 953; x_wconf 72' lang='grc' dir='ltr'><strong><em>καὶ</em></strong></span> <span class='ocrx_word' id='word_1_63' title='bbox 600 886 739 992; x_wconf 74' lang='grc' dir='ltr'><strong><em>ἀναχθείς</em></strong></span> <span class='ocrx_word' id='word_1_64' title='bbox 743 890 863 997; x_wconf 81' lang='grc' dir='ltr'><strong><em>ἀνέμων</em></strong></span> <span class='ocrx_word' id='word_1_65' title='bbox 878 890 1008 996; x_wconf 75' lang='grc' dir='ltr'><strong><em>ἔχθραις,</em></strong></span> <span class='ocrx_word' id='word_1_66' title='bbox 1023 886 1087 952; x_wconf 81' lang='grc' dir='ltr'><strong><em>ἀντὶ</em></strong></span> <span class='ocrx_word' id='word_1_67' title='bbox 1101 893 1151 953; x_wconf 84' lang='grc' dir='ltr'><strong><em>τοῦ</em></strong></span> <span class='ocrx_word' id='word_1_68' title='bbox 1165 915 1205 960; x_wconf 90' lang='grc' dir='ltr'><strong><em>εις</em></strong></span> <span class='ocrx_word' id='word_1_69' title='bbox 1221 887 1415 962; x_wconf 88' lang='grc' dir='ltr'><strong><em>Ἰουδαίαν,’</em></strong></span> <span class='ocrx_word' id='word_1_70' title='bbox 1388 913 1429 958; x_wconf 86' lang='grc' dir='ltr'><strong><em>εις</em></strong></span> 
     </span>
     <span class='ocr_line' id='line_1_8' title="bbox 252 969 1429 1080; baseline -0.005 -39.99"><span class='ocrx_word' id='word_1_71' title='bbox 252 976 467 1054; x_wconf 82' lang='grc' dir='ltr'><strong><em>Ἀλεξανδρείαν</em></strong></span> <span class='ocrx_word' id='word_1_72' title='bbox 481 974 664 1080; x_wconf 87' lang='grc' dir='ltr'><strong><em>η’νέχθην,</em></strong></span> <span class='ocrx_word' id='word_1_73' title='bbox 634 969 681 1036; x_wconf 79' lang='grc' dir='ltr'><strong><em>καὶ</em></strong></span> <span class='ocrx_word' id='word_1_74' title='bbox 697 975 807 1056; x_wconf 75' lang='grc' dir='ltr'><strong><em>ἀνέγνων</em></strong></span> <span class='ocrx_word' id='word_1_75' title='bbox 822 975 929 1080; x_wconf 84' lang='grc' dir='ltr'><strong><em>ἀπορίᾳ</em></strong></span> <span class='ocrx_word' id='word_1_76' title='bbox 942 970 1132 1054; x_wconf 73' lang='grc' dir='ltr'><strong><em>ἐπισχεθεῦς’</em></strong></span> <span class='ocrx_word' id='word_1_77' title='bbox 1116 983 1174 1038; x_wconf 83' lang='grc' dir='ltr'><strong><em>εκεῖ</em></strong></span> <span class='ocrx_word' id='word_1_78' title='bbox 1183 973 1354 1054; x_wconf 88' lang='grc' dir='ltr'><strong><em>συνεφοίτων</em></strong></span> <span class='ocrx_word' id='word_1_79' title='bbox 1368 983 1429 1042; x_wconf 84' lang='grc' dir='ltr'><strong><em>τοῖς</em></strong></span> 
     </span>
     <span class='ocr_line' id='line_1_9' title="bbox 254 1055 1430 1164; baseline -0.002 -42"><span class='ocrx_word' id='word_1_80' title='bbox 254 1058 445 1164; x_wconf 89' lang='grc' dir='ltr'><strong><em>φιλοσόφοις,</em></strong></span> <span class='ocrx_word' id='word_1_81' title='bbox 450 1084 496 1121; x_wconf 91' lang='grc' dir='ltr'><strong><em>και</em></strong></span> <span class='ocrx_word' id='word_1_82' title='bbox 511 1084 548 1123; x_wconf 92' lang='grc' dir='ltr'><strong><em>τα</em></strong></span> <span class='ocrx_word' id='word_1_83' title='bbox 562 1083 612 1140; x_wconf 86' lang='grc' dir='ltr'><strong><em>της</em></strong></span> <span class='ocrx_word' id='word_1_84' title='bbox 626 1057 717 1162; x_wconf 66' lang='grc' dir='ltr'><strong><em>φήμης</em></strong></span> <span class='ocrx_word' id='word_1_85' title='bbox 730 1059 803 1140; x_wconf 80' lang='grc' dir='ltr'><strong><em>μετὰ</em></strong></span> <span class='ocrx_word' id='word_1_86' title='bbox 817 1063 867 1123; x_wconf 90' lang='grc' dir='ltr'><strong><em>τοῦ</em></strong></span> <span class='ocrx_word' id='word_1_87' title='bbox 882 1061 910 1123; x_wconf 85' lang='grc' dir='ltr'><strong><em>ἐν</em></strong></span> <span class='ocrx_word' id='word_1_88' title='bbox 923 1057 1013 1138; x_wconf 84' lang='grc' dir='ltr'><strong><em>Ρώμῃ</em></strong></span> <span class='ocrx_word' id='word_1_89' title='bbox 1032 1060 1169 1138; x_wconf 91' lang='grc' dir='ltr'><strong><em>φανέντος</em></strong></span> <span class='ocrx_word' id='word_1_90' title='bbox 1188 1057 1279 1138; x_wconf 81' lang='grc' dir='ltr'><strong><em>ἔλεγον</em></strong></span> <span class='ocrx_word' id='word_1_91' title='bbox 1299 1056 1366 1127; x_wconf 86' lang='grc' dir='ltr'><strong><em>τούς</em></strong></span> <span class='ocrx_word' id='word_1_92' title='bbox 1384 1055 1430 1120; x_wconf 87' lang='grc' dir='ltr'><strong><em>λό-</em></strong></span> 
     </span>
     <span class='ocr_line' id='line_1_10' title="bbox 254 1137 1429 1246; baseline -0.004 -39"><span class='ocrx_word' id='word_1_93' title='bbox 254 1171 327 1228; x_wconf 92' lang='grc' dir='ltr'><strong><em>γους</em></strong></span> <span class='ocrx_word' id='word_1_94' title='bbox 341 1169 367 1206; x_wconf 92' lang='grc' dir='ltr'><strong><em>οι</em></strong></span> <span class='ocrx_word' id='word_1_95' title='bbox 362 1141 445 1206; x_wconf 84' lang='lat'>‘66&#39;</span> <span class='ocrx_word' id='word_1_96' title='bbox 426 1145 637 1246; x_wconf 87' lang='grc' dir='ltr'><strong><em>απεκρίναντο,</em></strong></span> <span class='ocrx_word' id='word_1_97' title='bbox 641 1141 747 1248; x_wconf 76' lang='grc' dir='ltr'><strong><em>ὅτιμὲν</em></strong></span> <span class='ocrx_word' id='word_1_98' title='bbox 762 1146 791 1206; x_wconf 84' lang='grc' dir='ltr'><strong><em>ἐν</em></strong></span> <span class='ocrx_word' id='word_1_99' title='bbox 803 1141 894 1246; x_wconf 84' lang='grc' dir='ltr'><strong><em>Ρώμρ</em></strong></span> <span class='ocrx_word' id='word_1_100' title='bbox 903 1143 1104 1246; x_wconf 75' lang='grc' dir='ltr'><strong><em>φανέ’ντα5</em></strong></span> <span class='ocrx_word' id='word_1_101' title='bbox 1073 1169 1122 1206; x_wconf 87' lang='grc' dir='ltr'><strong><em>ουκ</em></strong></span> <span class='ocrx_word' id='word_1_102' title='bbox 1141 1139 1231 1222; x_wconf 78' lang='grc' dir='ltr'><strong><em>ἴσμεν,</em></strong></span> <span class='ocrx_word' id='word_1_103' title='bbox 1251 1137 1313 1246; x_wconf 78' lang='grc' dir='ltr'><strong><em>περὶ</em></strong></span> <span class='ocrx_word' id='word_1_104' title='bbox 1333 1139 1364 1204; x_wconf 79' lang='grc' dir='ltr'><strong><em>δὲ</em></strong></span> <span class='ocrx_word' id='word_1_105' title='bbox 1378 1144 1429 1204; x_wconf 88' lang='grc' dir='ltr'><strong><em>τοῦ</em></strong></span> 
     </span>
     <span class='ocr_line' id='line_1_11' title="bbox 254 1224 1429 1332; baseline -0.004 -39"><span class='ocrx_word' id='word_1_106' title='bbox 254 1231 284 1293; x_wconf 86' lang='grc' dir='ltr'><strong><em>ἐν</em></strong></span> <span class='ocrx_word' id='word_1_107' title='bbox 296 1229 420 1310; x_wconf 81' lang='lat'>&#39;&#39;1006006</span> <span class='ocrx_word' id='word_1_108' title='bbox 435 1228 577 1310; x_wconf 72' lang='grc' dir='ltr'><strong><em>γενομένου</em></strong></span> <span class='ocrx_word' id='word_1_109' title='bbox 591 1253 639 1290; x_wconf 91' lang='grc' dir='ltr'><strong><em>και</em></strong></span> <span class='ocrx_word' id='word_1_110' title='bbox 652 1227 711 1291; x_wconf 86' lang='grc' dir='ltr'><strong><em>υίοῦ</em></strong></span> <span class='ocrx_word' id='word_1_111' title='bbox 726 1232 798 1291; x_wconf 91' lang='grc' dir='ltr'><strong><em>θεοῦ</em></strong></span> <span class='ocrx_word' id='word_1_112' title='bbox 812 1225 867 1290; x_wconf 89' lang='grc' dir='ltr'><strong><em>ύπὸ</em></strong></span> <span class='ocrx_word' id='word_1_113' title='bbox 881 1231 931 1328; x_wconf 76' lang='grc' dir='ltr'><strong><em>της</em></strong></span> <span class='ocrx_word' id='word_1_114' title='bbox 945 1252 1055 1332; x_wconf 84' lang='grc' dir='ltr'><strong><em>φημης</em></strong></span> <span class='ocrx_word' id='word_1_115' title='bbox 1011 1229 1202 1332; x_wconf 70' lang='grc' dir='ltr'><strong><em>λεγομένου,</em></strong></span> <span class='ocrx_word' id='word_1_116' title='bbox 1218 1250 1299 1306; x_wconf 90' lang='grc' dir='ltr'><strong><em>παρα</em></strong></span> <span class='ocrx_word' id='word_1_117' title='bbox 1289 1224 1429 1288; x_wconf 77' lang='grc' dir='ltr'><strong><em>πολλῶν</em></strong></span> 
     </span>
     <span class='ocr_line' id='line_1_12' title="bbox 253 1305 1431 1437; baseline -0.003 -61"><span class='ocrx_word' id='word_1_118' title='bbox 253 1318 310 1378; x_wconf 84' lang='grc' dir='ltr'><strong><em>τών</em></strong></span> <span class='ocrx_word' id='word_1_119' title='bbox 329 1315 437 1376; x_wconf 83' lang='grc' dir='ltr'><strong><em>ἐκεῖθεν</em></strong></span> <span class='ocrx_word' id='word_1_120' title='bbox 450 1311 675 1437; x_wconf 80' lang='grc' dir='ltr'><strong><em>εληλυθότων’</em></strong></span> <span class='ocrx_word' id='word_1_121' title='bbox 659 1310 838 1394; x_wconf 80' lang='grc' dir='ltr'><strong><em>ηκυύοαμεν,6</em></strong></span> <span class='ocrx_word' id='word_1_122' title='bbox 859 1307 906 1376; x_wconf 74' lang='grc' dir='ltr'><strong><em>καί</em></strong></span> <span class='ocrx_word' id='word_1_123' title='bbox 925 1337 989 1392; x_wconf 90' lang='grc' dir='ltr'><strong><em>περι</em></strong></span> <span class='ocrx_word' id='word_1_124' title='bbox 1012 1310 1141 1386; x_wconf 79' lang='grc' dir='ltr'><strong><em>πάντων,</em></strong></span> <span class='ocrx_word' id='word_1_125' title='bbox 1164 1305 1204 1375; x_wconf 84' lang='lat'><strong><em>60</em></strong></span> <span class='ocrx_word' id='word_1_126' title='bbox 1225 1311 1360 1374; x_wconf 84' lang='grc' dir='ltr'><strong><em>λαλων’</em></strong></span> <span class='ocrx_word' id='word_1_127' title='bbox 1343 1309 1431 1374; x_wconf 86' lang='grc' dir='ltr'><strong><em>εποίει</em></strong></span> 
     </span>
     <span class='ocr_line' id='line_1_13' title="bbox 255 1395 613 1522; baseline -0.012 -60"><span class='ocrx_word' id='word_1_128' title='bbox 255 1398 428 1478; x_wconf 71' lang='grc' dir='ltr'><strong><em>θαυμασίων</em></strong></span> <span class='ocrx_word' id='word_1_129' title='bbox 442 1395 613 1522; x_wconf 77' lang='grc' dir='ltr'><strong><em>ε’μάθομεγ.7</em></strong></span> 
     </span>
    </p>

    <p class='ocr_par' dir='ltr' id='par_1_6' title="bbox 164 1477 1432 2334">
     <span class='ocr_line' id='line_1_14' title="bbox 337 1477 1429 1584; baseline 0 -43"><span class='ocrx_word' id='word_1_130' title='bbox 337 1483 393 1541; x_wconf 90' lang='grc' dir='ltr'><strong><em>ΙΧ.</em></strong></span> <span class='ocrx_word' id='word_1_131' title='bbox 432 1481 513 1561; x_wconf 79' lang='grc' dir='ltr'><strong><em>Εμιιύ</em></strong></span> <span class='ocrx_word' id='word_1_132' title='bbox 529 1479 576 1544; x_wconf 81' lang='grc' dir='ltr'><strong><em>δὲ1</em></strong></span> <span class='ocrx_word' id='word_1_133' title='bbox 591 1479 729 1552; x_wconf 73' lang='grc' dir='ltr'><strong><em>εἰπόντος·</em></strong></span> <span class='ocrx_word' id='word_1_134' title='bbox 746 1479 850 1562; x_wconf 82' lang='grc' dir='ltr'><strong><em>ἧθελόν</em></strong></span> <span class='ocrx_word' id='word_1_135' title='bbox 865 1504 914 1542; x_wconf 90' lang='grc' dir='ltr'><strong><em>τινι</em></strong></span> <span class='ocrx_word' id='word_1_136' title='bbox 928 1489 1067 1584; x_wconf 83' lang='grc' dir='ltr'><strong><em>συντυχεῖν</em></strong></span> <span class='ocrx_word' id='word_1_137' title='bbox 1081 1483 1138 1544; x_wconf 86' lang='grc' dir='ltr'><strong><em>τών</em></strong></span> <span class='ocrx_word' id='word_1_138' title='bbox 1151 1477 1317 1584; x_wconf 81' lang='grc' dir='ltr'><strong><em>ἑῳρακότων</em></strong></span> <span class='ocrx_word' id='word_1_139' title='bbox 1330 1477 1429 1554; x_wconf 80' lang='grc' dir='ltr'><strong><em>αὐτὸν,</em></strong></span> 
     </span>
     <span class='ocr_line' id='line_1_15' title="bbox 254 1561 1429 1672; baseline -0.005 -41"><span class='ocrx_word' id='word_1_140' title='bbox 254 1566 358 1638; x_wconf 77' lang='grc' dir='ltr'><strong><em>εῦθύς2</em></strong></span> <span class='ocrx_word' id='word_1_141' title='bbox 372 1563 438 1672; x_wconf 78' lang='grc' dir='ltr'><strong><em>ἦγόν</em></strong></span> <span class='ocrx_word' id='word_1_142' title='bbox 452 1591 486 1648; x_wconf 79' lang='grc' dir='ltr'><strong><em>με</em></strong></span> <span class='ocrx_word' id='word_1_143' title='bbox 500 1564 669 1670; x_wconf 82' lang='grc' dir='ltr'><strong><em>λέγοντες·”</em></strong></span> <span class='ocrx_word' id='word_1_144' title='bbox 653 1589 724 1629; x_wconf 89' lang='grc' dir='ltr'><strong><em>εστιν</em></strong></span> <span class='ocrx_word' id='word_1_145' title='bbox 736 1591 777 1636; x_wconf 92' lang='grc' dir='ltr'><strong><em>τις</em></strong></span> <span class='ocrx_word' id='word_1_146' title='bbox 788 1567 926 1644; x_wconf 89' lang='grc' dir='ltr'><strong><em>ενταυθα,</em></strong></span> <span class='ocrx_word' id='word_1_147' title='bbox 942 1565 975 1627; x_wconf 91' lang='lat'><strong><em>06</em></strong></span> <span class='ocrx_word' id='word_1_148' title='bbox 986 1565 1072 1644; x_wconf 88' lang='grc' dir='ltr'><strong><em>μόνον</em></strong></span> <span class='ocrx_word' id='word_1_149' title='bbox 1083 1561 1232 1667; x_wconf 80' lang='grc' dir='ltr'><strong><em>ιστορήσας</em></strong></span> <span class='ocrx_word' id='word_1_150' title='bbox 1245 1562 1339 1636; x_wconf 88' lang='grc' dir='ltr'><strong><em>αύτδν,</em></strong></span> <span class='ocrx_word' id='word_1_151' title='bbox 1352 1562 1429 1626; x_wconf 86' lang='grc' dir='ltr'><strong><em>ἀλλά</em></strong></span> 
     </span>
     <span class='ocr_line' id='line_1_16' title="bbox 253 1642 1430 1796; baseline -0.005 -81"><span class='ocrx_word' id='word_1_152' title='bbox 253 1647 301 1715; x_wconf 76' lang='grc' dir='ltr'><strong><em>καὶ</em></strong></span> <span class='ocrx_word' id='word_1_153' title='bbox 315 1653 365 1731; x_wconf 81' lang='grc' dir='ltr'><strong><em>τῆς</em></strong></span> <span class='ocrx_word' id='word_1_154' title='bbox 379 1654 488 1714; x_wconf 83' lang='grc' dir='ltr'><strong><em>ἐκεῖθεν</em></strong></span> <span class='ocrx_word' id='word_1_155' title='bbox 502 1655 551 1733; x_wconf 77' lang='grc' dir='ltr'><strong><em>γῆς</em></strong></span> <span class='ocrx_word' id='word_1_156' title='bbox 569 1647 733 1796; x_wconf 59' lang='grc' dir='ltr'><strong><em>ύπάρχμιν,ἶ</em></strong></span> <span class='ocrx_word' id='word_1_157' title='bbox 740 1650 810 1731; x_wconf 78' lang='grc' dir='ltr'><strong><em>ἀνὴρ</em></strong></span> <span class='ocrx_word' id='word_1_158' title='bbox 824 1650 911 1730; x_wconf 86' lang='grc' dir='ltr'><strong><em>τίμιος</em></strong></span> <span class='ocrx_word' id='word_1_159' title='bbox 924 1648 1040 1750; x_wconf 88' lang='grc' dir='ltr'><strong><em>ὀνόματι</em></strong></span> <span class='ocrx_word' id='word_1_160' title='bbox 1056 1645 1264 1730; x_wconf 88' lang='grc' dir='ltr'><strong><em>Βαρνάβας,</em></strong></span> <span class='ocrx_word' id='word_1_161' title='bbox 1247 1673 1281 1719; x_wconf 93' lang='grc' dir='ltr'><strong><em>ος</em></strong></span> <span class='ocrx_word' id='word_1_162' title='bbox 1296 1642 1364 1710; x_wconf 77' lang='lat'>0063</span> <span class='ocrx_word' id='word_1_163' title='bbox 1378 1647 1430 1709; x_wconf 75' lang='grc' dir='ltr'><strong><em>ἕνα</em></strong></span> 
     </span>
     <span class='ocr_line' id='line_1_17' title="bbox 254 1729 1431 1816; baseline -0.005 -16"><span class='ocrx_word' id='word_1_164' title='bbox 254 1740 310 1800; x_wconf 81' lang='grc' dir='ltr'><strong><em>τῶν</em></strong></span> <span class='ocrx_word' id='word_1_165' title='bbox 326 1735 412 1798; x_wconf 86' lang='grc' dir='ltr'><strong><em>αύτού</em></strong></span> <span class='ocrx_word' id='word_1_166' title='bbox 429 1736 602 1815; x_wconf 72' lang='grc' dir='ltr'><strong><em>μαθητωνι</em></strong></span> <span class='ocrx_word' id='word_1_167' title='bbox 588 1735 688 1798; x_wconf 76' lang='grc' dir='ltr'><strong><em>ταυτὸν</em></strong></span> <span class='ocrx_word' id='word_1_168' title='bbox 706 1735 776 1798; x_wconf 79' lang='grc' dir='ltr'><strong><em>εἶναι</em></strong></span> <span class='ocrx_word' id='word_1_169' title='bbox 789 1736 871 1816; x_wconf 83' lang='grc' dir='ltr'><strong><em>λέγει,</em></strong></span> <span class='ocrx_word' id='word_1_170' title='bbox 892 1729 939 1796; x_wconf 77' lang='grc' dir='ltr'><strong><em>καὶ</em></strong></span> <span class='ocrx_word' id='word_1_171' title='bbox 959 1732 1089 1797; x_wconf 82' lang='grc' dir='ltr'><strong><em>ἐνταῦθά</em></strong></span> <span class='ocrx_word' id='word_1_172' title='bbox 1103 1757 1158 1794; x_wconf 93' lang='grc' dir='ltr'><strong><em>που</em></strong></span> <span class='ocrx_word' id='word_1_173' title='bbox 1172 1731 1413 1812; x_wconf 84' lang='grc' dir='ltr'><strong><em>καθεζόμενος</em></strong></span> <span class='ocrx_word' id='word_1_174' title='bbox 1379 1757 1431 1812; x_wconf 87' lang='grc' dir='ltr'><strong><em>της</em></strong></span> 
     </span>
     <span class='ocr_line' id='line_1_18' title="bbox 254 1813 1431 1941; baseline -0.004 -57"><span class='ocrx_word' id='word_1_175' title='bbox 254 1821 357 1884; x_wconf 81' lang='grc' dir='ltr'><strong><em>ἐκείνου</em></strong></span> <span class='ocrx_word' id='word_1_176' title='bbox 353 1817 547 1925; x_wconf 77' lang='grc' dir='ltr'><strong><em>ὑποσχέσεως</em></strong></span> <span class='ocrx_word' id='word_1_177' title='bbox 561 1819 625 1890; x_wconf 83' lang='grc' dir='ltr'><strong><em>τοὺς</em></strong></span> <span class='ocrx_word' id='word_1_178' title='bbox 638 1818 736 1924; x_wconf 80' lang='grc' dir='ltr'><strong><em>λόγους</em></strong></span> <span class='ocrx_word' id='word_1_179' title='bbox 749 1829 807 1890; x_wconf 84' lang='grc' dir='ltr'><strong><em>τοῖς</em></strong></span> <span class='ocrx_word' id='word_1_180' title='bbox 822 1819 1018 1924; x_wconf 68' lang='grc' dir='ltr'><strong><em>βουλογμῦυις</em></strong></span> <span class='ocrx_word' id='word_1_181' title='bbox 999 1819 1122 1926; x_wconf 78' lang='grc' dir='ltr'><strong><em>ιτυιμῳς</em></strong></span> <span class='ocrx_word' id='word_1_182' title='bbox 1131 1819 1209 1898; x_wconf 87' lang='grc' dir='ltr'><strong><em>λέγει.</em></strong></span> <span class='ocrx_word' id='word_1_183' title='bbox 1225 1843 1272 1880; x_wconf 90' lang='grc' dir='ltr'><strong><em>και</em></strong></span> <span class='ocrx_word' id='word_1_184' title='bbox 1264 1813 1321 1898; x_wconf 87' lang='lat'><strong><em>66</em></strong></span> <span class='ocrx_word' id='word_1_185' title='bbox 1332 1821 1431 1941; x_wconf 75' lang='lat'>60066·</span> 
     </span>
     <span class='ocr_line' id='line_1_19' title="bbox 254 1899 1431 2009; baseline -0.003 -42"><span class='ocrx_word' id='word_1_186' title='bbox 254 1916 311 2007; x_wconf 81' lang='grc' dir='ltr'><strong><em>θογ</em></strong></span> <span class='ocrx_word' id='word_1_187' title='bbox 327 1903 430 1975; x_wconf 83' lang='grc' dir='ltr'><strong><em>αὐτοῖς</em></strong></span> <span class='ocrx_word' id='word_1_188' title='bbox 447 1929 493 1966; x_wconf 88' lang='grc' dir='ltr'><strong><em>και</em></strong></span> <span class='ocrx_word' id='word_1_189' title='bbox 486 1900 645 1966; x_wconf 70' lang='grc' dir='ltr'><strong><em>ἐλθών</em></strong></span> <span class='ocrx_word' id='word_1_190' title='bbox 618 1928 668 1966; x_wconf 92' lang='grc' dir='ltr'><strong><em>ουν</em></strong></span> <span class='ocrx_word' id='word_1_191' title='bbox 682 1907 722 1981; x_wconf 81' lang='grc' dir='ltr'><strong><em>τῳ</em></strong></span> <span class='ocrx_word' id='word_1_192' title='bbox 737 1907 895 1982; x_wconf 77' lang='grc' dir='ltr'><strong><em>παρεστῶτι</em></strong></span> <span class='ocrx_word' id='word_1_193' title='bbox 910 1901 1011 2009; x_wconf 83' lang='grc' dir='ltr'><strong><em>ἴνχλῳ”</em></strong></span> <span class='ocrx_word' id='word_1_194' title='bbox 995 1927 1076 1983; x_wconf 87' lang='grc' dir='ltr'><strong><em>εστην</em></strong></span> <span class='ocrx_word' id='word_1_195' title='bbox 1086 1901 1233 1965; x_wconf 79' lang='grc' dir='ltr'><strong><em>ἐπακούων</em></strong></span> <span class='ocrx_word' id='word_1_196' title='bbox 1248 1904 1304 1963; x_wconf 80' lang='grc' dir='ltr'><strong><em>τῶν</em></strong></span> <span class='ocrx_word' id='word_1_197' title='bbox 1297 1899 1431 2002; x_wconf 66' lang='grc' dir='ltr'><strong><em>λόγων*</em></strong></span> 
     </span>
     <span class='ocr_line' id='line_1_20' title="bbox 255 1959 1431 2094; baseline -0.004 -42"><span class='ocrx_word' id='word_1_198' title='bbox 255 1985 302 2053; x_wconf 74' lang='grc' dir='ltr'><strong><em>καίΙ</em></strong></span> <span class='ocrx_word' id='word_1_199' title='bbox 321 1987 466 2052; x_wconf 87' lang='grc' dir='ltr'><strong><em>συνενόουν</em></strong></span> <span class='ocrx_word' id='word_1_200' title='bbox 486 1987 523 2052; x_wconf 85' lang='grc' dir='ltr'><strong><em>τὰ</em></strong></span> <span class='ocrx_word' id='word_1_201' title='bbox 539 1987 642 2094; x_wconf 77' lang='lat'>66666</span> <span class='ocrx_word' id='word_1_202' title='bbox 664 1986 696 2050; x_wconf 87' lang='lat'><strong><em>06</em></strong></span> <span class='ocrx_word' id='word_1_203' title='bbox 719 1991 872 2094; x_wconf 74' lang='grc' dir='ltr'><strong><em>διαλεκτικῇ</em></strong></span> <span class='ocrx_word' id='word_1_204' title='bbox 896 1989 976 2066; x_wconf 80' lang='grc' dir='ltr'><strong><em>τέχνῃ</em></strong></span> <span class='ocrx_word' id='word_1_205' title='bbox 996 1959 1126 2068; x_wconf 85' lang='grc' dir='ltr'><strong><em>λίγόντα,</em></strong></span> <span class='ocrx_word' id='word_1_206' title='bbox 1149 1984 1264 2050; x_wconf 85' lang='grc' dir='ltr'><strong><em>ἀλλά</em></strong></span> <span class='ocrx_word' id='word_1_207' title='bbox 1245 1982 1362 2058; x_wconf 88' lang='grc' dir='ltr'><strong><em>ακάκως</em></strong></span> <span class='ocrx_word' id='word_1_208' title='bbox 1383 1979 1431 2048; x_wconf 80' lang='grc' dir='ltr'><strong><em>καύ</em></strong></span> 
     </span>
     <span class='ocr_line' id='line_1_21' title="bbox 255 2067 1432 2174; baseline -0.004 -38"><span class='ocrx_word' id='word_1_209' title='bbox 255 2070 517 2150; x_wconf 83' lang='grc' dir='ltr'><strong><em>ἀπαρασκευάστως</em></strong></span> <span class='ocrx_word' id='word_1_210' title='bbox 530 2073 715 2174; x_wconf 78' lang='grc' dir='ltr'><strong><em>ε’κτιθεμενον,</em></strong></span> <span class='ocrx_word' id='word_1_211' title='bbox 731 2069 783 2134; x_wconf 86' lang='grc' dir='ltr'><strong><em>ἀτε</em></strong></span> <span class='ocrx_word' id='word_1_212' title='bbox 796 2068 895 2153; x_wconf 77' lang='grc' dir='ltr'><strong><em>ἥκουσι</em></strong></span> <span class='ocrx_word' id='word_1_213' title='bbox 911 2067 958 2134; x_wconf 76' lang='grc' dir='ltr'><strong><em>καὶ</em></strong></span> <span class='ocrx_word' id='word_1_214' title='bbox 969 2071 1075 2152; x_wconf 78' lang='grc' dir='ltr'><strong><em>ἑώρακε</em></strong></span> <span class='ocrx_word' id='word_1_215' title='bbox 1090 2071 1139 2134; x_wconf 85' lang='grc' dir='ltr'><strong><em>τὸν</em></strong></span> <span class='ocrx_word' id='word_1_216' title='bbox 1154 2096 1203 2133; x_wconf 94' lang='grc' dir='ltr'><strong><em>του</em></strong></span> <span class='ocrx_word' id='word_1_217' title='bbox 1191 2073 1287 2133; x_wconf 88' lang='grc' dir='ltr'><strong><em>θεοῦ</em></strong></span> <span class='ocrx_word' id='word_1_218' title='bbox 1302 2071 1432 2151; x_wconf 85' lang='grc' dir='ltr'><strong><em>φανέντα</em></strong></span> 
     </span>
     <span class='ocr_line' id='line_1_22' title="bbox 253 2152 1432 2259; baseline -0.005 -38"><span class='ocrx_word' id='word_1_219' title='bbox 253 2158 312 2221; x_wconf 81' lang='grc' dir='ltr'><strong><em>υἱὸν</em></strong></span> <span class='ocrx_word' id='word_1_220' title='bbox 326 2159 502 2235; x_wconf 79' lang='grc' dir='ltr'><strong><em>πεποιηκέναι</em></strong></span> <span class='ocrx_word' id='word_1_221' title='bbox 516 2182 547 2219; x_wconf 89' lang='grc' dir='ltr'><strong><em>τε</em></strong></span> <span class='ocrx_word' id='word_1_222' title='bbox 565 2152 612 2218; x_wconf 78' lang='grc' dir='ltr'><strong><em>καὶ</em></strong></span> <span class='ocrx_word' id='word_1_223' title='bbox 627 2157 770 2258; x_wconf 72' lang='grc' dir='ltr'><strong><em>εἰρηκέναι.</em></strong></span> <span class='ocrx_word' id='word_1_224' title='bbox 784 2158 904 2259; x_wconf 78' lang='grc' dir='ltr'><strong><em>πολλούς</em></strong></span> <span class='ocrx_word' id='word_1_225' title='bbox 918 2155 948 2220; x_wconf 72' lang='grc' dir='ltr'><strong><em>δὲ</em></strong></span> <span class='ocrx_word' id='word_1_226' title='bbox 961 2157 1106 2236; x_wconf 85' lang='grc' dir='ltr'><strong><em>μάρτυρας</em></strong></span> <span class='ocrx_word' id='word_1_227' title='bbox 1121 2159 1177 2218; x_wconf 79' lang='grc' dir='ltr'><strong><em>τῶν</em></strong></span> <span class='ocrx_word' id='word_1_228' title='bbox 1191 2153 1239 2218; x_wconf 84' lang='grc' dir='ltr'><strong><em>ύπ’</em></strong></span> <span class='ocrx_word' id='word_1_229' title='bbox 1255 2153 1343 2218; x_wconf 85' lang='grc' dir='ltr'><strong><em>αύεου</em></strong></span> <span class='ocrx_word' id='word_1_230' title='bbox 1330 2159 1432 2235; x_wconf 85' lang='grc' dir='ltr'><strong><em>λεγο·</em></strong></span> 
     </span>
     <span class='ocr_line' id='line_1_23' title="bbox 164 2236 1401 2362; baseline -0.003 -58"><span class='ocrx_word' id='word_1_231' title='bbox 164 2325 169 2334; x_wconf 32' lang='grc' dir='ltr'>ι</span> <span class='ocrx_word' id='word_1_232' title='bbox 255 2244 344 2323; x_wconf 85' lang='grc' dir='ltr'><strong><em>μένων</em></strong></span> <span class='ocrx_word' id='word_1_233' title='bbox 358 2242 530 2320; x_wconf 88' lang='grc' dir='ltr'><strong><em>θαυμασίων</em></strong></span> <span class='ocrx_word' id='word_1_234' title='bbox 545 2266 575 2303; x_wconf 89' lang='grc' dir='ltr'><strong><em>τι</em></strong></span> <span class='ocrx_word' id='word_1_235' title='bbox 590 2267 637 2302; x_wconf 90' lang='grc' dir='ltr'><strong><em>και</em></strong></span> <span class='ocrx_word' id='word_1_236' title='bbox 628 2236 746 2362; x_wconf 86' lang='grc' dir='ltr'><strong><em>λόχων</em></strong></span> <span class='ocrx_word' id='word_1_237' title='bbox 756 2239 833 2314; x_wconf 82' lang='grc' dir='ltr'><strong><em>ε’ξ’</em></strong></span> <span class='ocrx_word' id='word_1_238' title='bbox 800 2246 886 2304; x_wconf 84' lang='grc' dir='ltr'><strong><em>αυτοῦ</em></strong></span> <span class='ocrx_word' id='word_1_239' title='bbox 901 2245 950 2304; x_wconf 89' lang='grc' dir='ltr'><strong><em>τοῦ</em></strong></span> <span class='ocrx_word' id='word_1_240' title='bbox 964 2244 1147 2322; x_wconf 80' lang='grc' dir='ltr'><strong><em>παρεστῶτος</em></strong></span> <span class='ocrx_word' id='word_1_241' title='bbox 1161 2239 1245 2320; x_wconf 86' lang='grc' dir='ltr'><strong><em>ὄχλου</em></strong></span> <span class='ocrx_word' id='word_1_242' title='bbox 1259 2248 1401 2320; x_wconf 84' lang='grc' dir='ltr'><strong><em>παρεῖχεν,</em></strong></span> 
     </span>
    </p>
   </div>
   <div class='ocr_carea' id='block_1_6' title="bbox 254 2338 1503 4446">
    <p class='ocr_par' dir='ltr' id='par_1_7' title="bbox 254 2338 1503 4000">
     <span class='ocr_line' id='line_1_24' title="bbox 339 2338 1433 2445; baseline 0.002 -45"><span class='ocrx_word' id='word_1_243' title='bbox 339 2343 381 2404; x_wconf 91' lang='lat' dir='ltr'><strong><em>X.</em></strong></span> <span class='ocrx_word' id='word_1_244' title='bbox 417 2341 525 2424; x_wconf 73' lang='grc' dir='ltr'><strong><em>Ἐπειδὴ</em></strong></span> <span class='ocrx_word' id='word_1_245' title='bbox 541 2339 570 2404; x_wconf 83' lang='lat'><strong><em>66</em></strong></span> <span class='ocrx_word' id='word_1_246' title='bbox 584 2341 656 2421; x_wconf 84' lang='grc' dir='ltr'><strong><em>πρὸς</em></strong></span> <span class='ocrx_word' id='word_1_247' title='bbox 669 2342 706 2404; x_wconf 84' lang='grc' dir='ltr'><strong><em>τὰ</em></strong></span> <span class='ocrx_word' id='word_1_248' title='bbox 727 2339 913 2445; x_wconf 81' lang='grc' dir='ltr'><strong><em>ἀπανμύργως</em></strong></span> <span class='ocrx_word' id='word_1_249' title='bbox 930 2341 1063 2424; x_wconf 88' lang='grc' dir='ltr'><strong><em>λεγόμενα</em></strong></span> <span class='ocrx_word' id='word_1_250' title='bbox 1083 2338 1170 2423; x_wconf 83' lang='grc' dir='ltr'><strong><em>ἡδέως</em></strong></span> <span class='ocrx_word' id='word_1_251' title='bbox 1189 2365 1216 2403; x_wconf 93' lang='grc' dir='ltr'><strong><em>οι</em></strong></span> <span class='ocrx_word' id='word_1_252' title='bbox 1211 2339 1330 2443; x_wconf 86' lang='grc' dir='ltr'><strong><em>ὄχλοι1</em></strong></span> <span class='ocrx_word' id='word_1_253' title='bbox 1353 2339 1433 2402; x_wconf 87' lang='grc' dir='ltr'><strong><em>διετί-</em></strong></span> 
     </span>
     <span class='ocr_line' id='line_1_25' title="bbox 255 2421 1432 2532; baseline -0.005 -40"><span class='ocrx_word' id='word_1_254' title='bbox 255 2440 350 2502; x_wconf 90' lang='grc' dir='ltr'><strong><em>θεντο,</em></strong></span> <span class='ocrx_word' id='word_1_255' title='bbox 366 2426 392 2489; x_wconf 81' lang='grc' dir='ltr'><strong><em>οἱ</em></strong></span> <span class='ocrx_word' id='word_1_256' title='bbox 406 2429 436 2489; x_wconf 83' lang='grc' dir='ltr'><strong><em>ἐκ</em></strong></span> <span class='ocrx_word' id='word_1_257' title='bbox 450 2427 579 2498; x_wconf 86' lang='grc' dir='ltr'><strong><em>παιδείας</em></strong></span> <span class='ocrx_word' id='word_1_258' title='bbox 592 2431 723 2530; x_wconf 76' lang='grc' dir='ltr'><strong><em>γυσμικης</em></strong></span> <span class='ocrx_word' id='word_1_259' title='bbox 736 2423 888 2532; x_wconf 81' lang='grc' dir='ltr'><strong><em>ὁρμώμενοι</em></strong></span> <span class='ocrx_word' id='word_1_260' title='bbox 903 2429 1049 2508; x_wconf 87' lang='grc' dir='ltr'><strong><em>φιλόσοφοι</em></strong></span> <span class='ocrx_word' id='word_1_261' title='bbox 1064 2428 1164 2532; x_wconf 76' lang='grc' dir='ltr'><strong><em>γελάν</em></strong></span> <span class='ocrx_word' id='word_1_262' title='bbox 1162 2425 1249 2489; x_wconf 81' lang='grc' dir='ltr'><strong><em>αύτόν</em></strong></span> <span class='ocrx_word' id='word_1_263' title='bbox 1264 2421 1311 2487; x_wconf 77' lang='grc' dir='ltr'><strong><em>καλ</em></strong></span> <span class='ocrx_word' id='word_1_264' title='bbox 1332 2423 1432 2506; x_wconf 84' lang='grc' dir='ltr'><strong><em>χλευά-</em></strong></span> 
     </span>
     <span class='ocr_line' id='line_1_26' title="bbox 257 2507 1433 2614; baseline -0.004 -39"><span class='ocrx_word' id='word_1_265' title='bbox 257 2516 309 2588; x_wconf 84' lang='grc' dir='ltr'><strong><em>ζειν</em></strong></span> <span class='ocrx_word' id='word_1_266' title='bbox 323 2511 522 2594; x_wconf 81' lang='grc' dir='ltr'><strong><em>ἐπεβάλλοντο,</em></strong></span> <span class='ocrx_word' id='word_1_267' title='bbox 541 2509 717 2583; x_wconf 82' lang='grc' dir='ltr'><strong><em>σκώπτοντες</em></strong></span> <span class='ocrx_word' id='word_1_268' title='bbox 732 2507 778 2574; x_wconf 79' lang='grc' dir='ltr'><strong><em>καὶ</em></strong></span> <span class='ocrx_word' id='word_1_269' title='bbox 798 2510 973 2613; x_wconf 86' lang='grc' dir='ltr'><strong><em>διασύροντες</em></strong></span> <span class='ocrx_word' id='word_1_270' title='bbox 988 2510 1091 2590; x_wconf 86' lang='grc' dir='ltr'><strong><em>θράσει</em></strong></span> <span class='ocrx_word' id='word_1_271' title='bbox 1106 2510 1231 2614; x_wconf 79' lang='grc' dir='ltr'><strong><em>ἀμέτρῳ,</em></strong></span> <span class='ocrx_word' id='word_1_272' title='bbox 1246 2507 1286 2614; x_wconf 80' lang='lat'><strong><em>64</em></strong></span> <span class='ocrx_word' id='word_1_273' title='bbox 1299 2509 1433 2591; x_wconf 82' lang='grc' dir='ltr'><strong><em>μεγάλθις</em></strong></span> 
     </span>
     <span class='ocr_line' id='line_1_27' title="bbox 255 2591 1432 2700; baseline -0.002 -41"><span class='ocrx_word' id='word_1_274' title='bbox 255 2593 351 2667; x_wconf 85' lang='grc' dir='ltr'><strong><em>ὅπλοις</em></strong></span> <span class='ocrx_word' id='word_1_275' title='bbox 370 2619 479 2700; x_wconf 79' lang='grc' dir='ltr'><strong><em>κεχρημι</em></strong></span> <span class='ocrx_word' id='word_1_276' title='bbox 471 2595 525 2658; x_wconf 86' lang='grc' dir='ltr'><strong><em>-’νυι</em></strong></span> <span class='ocrx_word' id='word_1_277' title='bbox 544 2606 602 2667; x_wconf 80' lang='grc' dir='ltr'><strong><em>τοῖς</em></strong></span> <span class='ocrx_word' id='word_1_278' title='bbox 616 2602 819 2700; x_wconf 35' lang='grc' dir='ltr'><strong><em>συλλμγνισμοῖς,</em></strong></span> <span class='ocrx_word' id='word_1_279' title='bbox 831 2621 847 2658; x_wconf 94' lang='grc' dir='ltr'><strong><em>ο</em></strong></span> <span class='ocrx_word' id='word_1_280' title='bbox 838 2591 893 2658; x_wconf 84' lang='lat'><strong><em>66</em></strong></span> <span class='ocrx_word' id='word_1_281' title='bbox 907 2593 1112 2700; x_wconf 66' lang='grc' dir='ltr'><strong><em>ἀπωθούμενος</em></strong></span> <span class='ocrx_word' id='word_1_282' title='bbox 1127 2595 1220 2657; x_wconf 77' lang='grc' dir='ltr'><strong><em>αὐτῶν</em></strong></span> <span class='ocrx_word' id='word_1_283' title='bbox 1235 2594 1284 2656; x_wconf 82' lang='grc' dir='ltr'><strong><em>τόν</em></strong></span> <span class='ocrx_word' id='word_1_284' title='bbox 1298 2597 1382 2674; x_wconf 76' lang='grc' dir='ltr'><strong><em>λῆρον</em></strong></span> <span class='ocrx_word' id='word_1_285' title='bbox 1398 2593 1432 2657; x_wconf 90' lang='lat'><strong><em>06</em></strong></span> 
     </span>
     <span class='ocr_line' id='line_1_28' title="bbox 255 2675 1434 2786; baseline -0.004 -40"><span class='ocrx_word' id='word_1_286' title='bbox 255 2705 412 2761; x_wconf 83' lang='grc' dir='ltr'><strong><em>συνετρεχεν</em></strong></span> <span class='ocrx_word' id='word_1_287' title='bbox 433 2680 525 2744; x_wconf 83' lang='grc' dir='ltr'><strong><em>αύτών</em></strong></span> <span class='ocrx_word' id='word_1_288' title='bbox 547 2685 581 2759; x_wconf 77' lang='grc' dir='ltr'><strong><em>τῇ</em></strong></span> <span class='ocrx_word' id='word_1_289' title='bbox 599 2679 747 2784; x_wconf 85' lang='grc' dir='ltr'><strong><em>πανούργῳ</em></strong></span> <span class='ocrx_word' id='word_1_290' title='bbox 768 2677 873 2754; x_wconf 79' lang='grc' dir='ltr'><strong><em>παύσει,</em></strong></span> <span class='ocrx_word' id='word_1_291' title='bbox 895 2679 968 2742; x_wconf 84' lang='grc' dir='ltr'><strong><em>ἀλλά</em></strong></span> <span class='ocrx_word' id='word_1_292' title='bbox 989 2675 1248 2786; x_wconf 80' lang='grc' dir='ltr'><strong><em>ἀκμτάπληκτος</em></strong></span> <span class='ocrx_word' id='word_1_293' title='bbox 1226 2705 1265 2741; x_wconf 93' lang='grc' dir='ltr'><strong><em>ων</em></strong></span> <span class='ocrx_word' id='word_1_294' title='bbox 1279 2679 1365 2780; x_wconf 79' lang='grc' dir='ltr'><strong><em>λέγειν</em></strong></span> <span class='ocrx_word' id='word_1_295' title='bbox 1381 2678 1434 2741; x_wconf 86' lang='grc' dir='ltr'><strong><em>οιίκ</em></strong></span> 
     </span>
     <span class='ocr_line' id='line_1_29' title="bbox 256 2758 1434 2870; baseline -0.002 -43"><span class='ocrx_word' id='word_1_296' title='bbox 256 2766 405 2844; x_wconf 75' lang='grc' dir='ltr'><strong><em>ἀφίστατο.</em></strong></span> <span class='ocrx_word' id='word_1_297' title='bbox 424 2791 472 2826; x_wconf 90' lang='grc' dir='ltr'><strong><em>και</em></strong></span> <span class='ocrx_word' id='word_1_298' title='bbox 490 2767 563 2827; x_wconf 86' lang='grc' dir='ltr'><strong><em>ποτέ</em></strong></span> <span class='ocrx_word' id='word_1_299' title='bbox 578 2789 619 2835; x_wconf 88' lang='grc' dir='ltr'><strong><em>τις</em></strong></span> <span class='ocrx_word' id='word_1_300' title='bbox 639 2765 726 2827; x_wconf 77' lang='grc' dir='ltr'><strong><em>αὐτοῦ</em></strong></span> <span class='ocrx_word' id='word_1_301' title='bbox 747 2765 882 2838; x_wconf 79' lang='grc' dir='ltr'><strong><em>ἐπύθετο,</em></strong></span> <span class='ocrx_word' id='word_1_302' title='bbox 905 2766 982 2826; x_wconf 91' lang='grc' dir='ltr'><strong><em>διατί</em></strong></span> <span class='ocrx_word' id='word_1_303' title='bbox 1000 2761 1105 2868; x_wconf 78' lang='grc' dir='ltr'><strong><em>κώνιοιμ</em></strong></span> <span class='ocrx_word' id='word_1_304' title='bbox 1124 2765 1242 2870; x_wconf 78' lang='grc' dir='ltr'><strong><em>ἐγένετο,</em></strong></span> <span class='ocrx_word' id='word_1_305' title='bbox 1264 2758 1312 2825; x_wconf 82' lang='grc' dir='ltr'><strong><em>καὶ</em></strong></span> <span class='ocrx_word' id='word_1_306' title='bbox 1330 2763 1434 2868; x_wconf 82' lang='grc' dir='ltr'><strong><em>βραχύ</em></strong></span> 
     </span>
     <span class='ocr_line' id='line_1_30' title="bbox 255 2844 1432 2973; baseline -0.003 -61"><span class='ocrx_word' id='word_1_307' title='bbox 255 2873 340 2912; x_wconf 92' lang='grc' dir='ltr'><strong><em>τατσν</em></strong></span> <span class='ocrx_word' id='word_1_308' title='bbox 356 2846 437 2922; x_wconf 68' lang='lat'>6620</span> <span class='ocrx_word' id='word_1_309' title='bbox 426 2849 455 2922; x_wconf 78' lang='grc' dir='ltr'><strong><em>ἓξ</em></strong></span> <span class='ocrx_word' id='word_1_310' title='bbox 469 2847 592 2919; x_wconf 87' lang='grc' dir='ltr'><strong><em>πόδας</em></strong></span> <span class='ocrx_word' id='word_1_311' title='bbox 565 2866 654 2973; x_wconf 76' lang='grc' dir='ltr'><strong><em>εχωγ,</em></strong></span> <span class='ocrx_word' id='word_1_312' title='bbox 671 2849 724 2928; x_wconf 79' lang='grc' dir='ltr'><strong><em>ἔχει</em></strong></span> <span class='ocrx_word' id='word_1_313' title='bbox 738 2845 784 2910; x_wconf 80' lang='grc' dir='ltr'><strong><em>καὶ</em></strong></span> <span class='ocrx_word' id='word_1_314' title='bbox 799 2848 898 2928; x_wconf 86' lang='grc' dir='ltr'><strong><em>πεερά,</em></strong></span> <span class='ocrx_word' id='word_1_315' title='bbox 914 2849 1021 2952; x_wconf 79' lang='grc' dir='ltr'><strong><em>ἐλέφας</em></strong></span> <span class='ocrx_word' id='word_1_316' title='bbox 1029 2844 1096 2910; x_wconf 76' lang='grc' dir='ltr'><strong><em>δὲ</em></strong></span> <span class='ocrx_word' id='word_1_317' title='bbox 1069 2873 1103 2910; x_wconf 92' lang='grc' dir='ltr'><strong><em>το</em></strong></span> <span class='ocrx_word' id='word_1_318' title='bbox 1116 2849 1242 2929; x_wconf 86' lang='grc' dir='ltr'><strong><em>μέγιστον</em></strong></span> <span class='ocrx_word' id='word_1_319' title='bbox 1261 2846 1365 2920; x_wconf 82' lang='grc' dir='ltr'><strong><em>ζώον</em></strong></span> <span class='ocrx_word' id='word_1_320' title='bbox 1344 2871 1432 2910; x_wconf 89' lang='grc' dir='ltr'><strong><em>απτε-</em></strong></span> 
     </span>
     <span class='ocr_line' id='line_1_31' title="bbox 255 2930 1434 3032; baseline -0.001 -37"><span class='ocrx_word' id='word_1_321' title='bbox 255 2959 303 3014; x_wconf 87' lang='grc' dir='ltr'><strong><em>ρος</em></strong></span> <span class='ocrx_word' id='word_1_322' title='bbox 318 2932 365 3006; x_wconf 83' lang='grc' dir='ltr'><strong><em>ὧν,</em></strong></span> <span class='ocrx_word' id='word_1_323' title='bbox 381 2934 522 3010; x_wconf 88' lang='grc' dir='ltr'><strong><em>τέσσαρας</em></strong></span> <span class='ocrx_word' id='word_1_324' title='bbox 536 2931 639 3032; x_wconf 74' lang='grc' dir='ltr'><strong><em>μόνον3</em></strong></span> <span class='ocrx_word' id='word_1_325' title='bbox 654 2933 707 3012; x_wconf 83' lang='grc' dir='ltr'><strong><em>ἔχει</em></strong></span> <span class='ocrx_word' id='word_1_326' title='bbox 718 2930 854 3029; x_wconf 83' lang='grc' dir='ltr'><strong><em>πόδας,·</em></strong></span> <span class='ocrx_word' id='word_1_327' title='bbox 841 2959 857 2994; x_wconf 97' lang='grc' dir='ltr'><strong><em>ο</em></strong></span> <span class='ocrx_word' id='word_1_328' title='bbox 873 2931 903 2996; x_wconf 84' lang='lat'><strong><em>66</em></strong></span> <span class='ocrx_word' id='word_1_329' title='bbox 912 2933 985 3013; x_wconf 88' lang='grc' dir='ltr'><strong><em>μετά</em></strong></span> <span class='ocrx_word' id='word_1_330' title='bbox 996 2933 1044 3012; x_wconf 74' lang='grc' dir='ltr'><strong><em>τὴν</em></strong></span> <span class='ocrx_word' id='word_1_331' title='bbox 1055 2935 1149 2995; x_wconf 87' lang='grc' dir='ltr'><strong><em>πεῦσιν</em></strong></span> <span class='ocrx_word' id='word_1_332' title='bbox 1159 2932 1207 2994; x_wconf 84' lang='grc' dir='ltr'><strong><em>τόν</em></strong></span> <span class='ocrx_word' id='word_1_333' title='bbox 1218 2933 1434 3011; x_wconf 75' lang='grc' dir='ltr'><strong><em>ἐμποδισθέντα</em></strong></span> 
     </span>
     <span class='ocr_line' id='line_1_32' title="bbox 255 3014 1434 3122; baseline -0.001 -43"><span class='ocrx_word' id='word_1_334' title='bbox 255 3016 407 3119; x_wconf 84' lang='grc' dir='ltr'><strong><em>ἀναλαβὼν</em></strong></span> <span class='ocrx_word' id='word_1_335' title='bbox 421 3014 556 3097; x_wconf 87' lang='grc' dir='ltr'><strong><em>λόγον,</em></strong></span> <span class='ocrx_word' id='word_1_336' title='bbox 536 3043 575 3087; x_wconf 90' lang='grc' dir='ltr'><strong><em>ως</em></strong></span> <span class='ocrx_word' id='word_1_337' title='bbox 594 3016 664 3096; x_wconf 85' lang='grc' dir='ltr'><strong><em>πρὸς</em></strong></span> <span class='ocrx_word' id='word_1_338' title='bbox 684 3015 733 3096; x_wconf 79' lang='grc' dir='ltr'><strong><em>τὴν</em></strong></span> <span class='ocrx_word' id='word_1_339' title='bbox 754 3021 849 3080; x_wconf 82' lang='grc' dir='ltr'><strong><em>πεῦσιν</em></strong></span> <span class='ocrx_word' id='word_1_340' title='bbox 864 3015 1097 3098; x_wconf 78' lang='grc' dir='ltr'><strong><em>ἀποκρινάμενος,</em></strong></span> <span class='ocrx_word' id='word_1_341' title='bbox 1117 3017 1165 3079; x_wconf 84' lang='grc' dir='ltr'><strong><em>τόν</em></strong></span> <span class='ocrx_word' id='word_1_342' title='bbox 1177 3015 1258 3120; x_wconf 80' lang='grc' dir='ltr'><strong><em>μύτῳ</em></strong></span> <span class='ocrx_word' id='word_1_343' title='bbox 1274 3015 1324 3080; x_wconf 85' lang='grc' dir='ltr'><strong><em>ἀπ’</em></strong></span> <span class='ocrx_word' id='word_1_344' title='bbox 1343 3016 1434 3122; x_wconf 69' lang='grc' dir='ltr'><strong><em>ἀρχῆς</em></strong></span> 
     </span>
     <span class='ocr_line' id='line_1_33' title="bbox 256 3057 1434 3206; baseline 0 -44"><span class='ocrx_word' id='word_1_345' title='bbox 256 3124 439 3205; x_wconf 87' lang='grc' dir='ltr'><strong><em>προκειμενον</em></strong></span> <span class='ocrx_word' id='word_1_346' title='bbox 448 3100 641 3205; x_wconf 61' lang='grc' dir='ltr'><strong><em>ἀνελάμβανενΙ</em></strong></span> <span class='ocrx_word' id='word_1_347' title='bbox 661 3057 755 3184; x_wconf 78' lang='grc' dir='ltr'><strong><em>λόγῦν,</em></strong></span> <span class='ocrx_word' id='word_1_348' title='bbox 775 3099 864 3180; x_wconf 88' lang='grc' dir='ltr'><strong><em>τούτῳ</em></strong></span> <span class='ocrx_word' id='word_1_349' title='bbox 883 3100 960 3205; x_wconf 86' lang='grc' dir='ltr'><strong><em>μόνῳ</em></strong></span> <span class='ocrx_word' id='word_1_350' title='bbox 980 3102 1121 3206; x_wconf 84' lang='grc' dir='ltr'><strong><em>προοιμίῳ</em></strong></span> <span class='ocrx_word' id='word_1_351' title='bbox 1127 3100 1266 3205; x_wconf 82' lang='grc' dir='ltr'><strong><em>χρώμενος</em></strong></span> <span class='ocrx_word' id='word_1_352' title='bbox 1280 3101 1351 3163; x_wconf 82' lang='grc' dir='ltr'><strong><em>καθ’</em></strong></span> <span class='ocrx_word' id='word_1_353' title='bbox 1369 3100 1434 3162; x_wconf 82' lang='grc' dir='ltr'><strong><em>ίκά-</em></strong></span> 
     </span>
     <span class='ocr_line' id='line_1_34' title="bbox 255 3181 1435 3290; baseline 0 -42"><span class='ocrx_word' id='word_1_354' title='bbox 255 3209 323 3262; x_wconf 86' lang='grc' dir='ltr'><strong><em>οτην</em></strong></span> <span class='ocrx_word' id='word_1_355' title='bbox 339 3183 467 3266; x_wconf 77' lang='grc' dir='ltr'><strong><em>ε’γκοπίγν·</em></strong></span> <span class='ocrx_word' id='word_1_356' title='bbox 483 3182 560 3290; x_wconf 79' lang='grc' dir='ltr'><strong><em>ἡμεῖς</em></strong></span> <span class='ocrx_word' id='word_1_357' title='bbox 573 3189 622 3246; x_wconf 86' lang='grc' dir='ltr'><strong><em>τοῦ</em></strong></span> <span class='ocrx_word' id='word_1_358' title='bbox 638 3186 804 3267; x_wconf 81' lang='grc' dir='ltr'><strong><em>πεμψαντος</em></strong></span> <span class='ocrx_word' id='word_1_359' title='bbox 818 3184 893 3266; x_wconf 73' lang='grc' dir='ltr'><strong><em>ἡμᾶς</em></strong></span> <span class='ocrx_word' id='word_1_360' title='bbox 908 3185 972 3256; x_wconf 85' lang='grc' dir='ltr'><strong><em>τοὺς</em></strong></span> <span class='ocrx_word' id='word_1_361' title='bbox 985 3185 1121 3287; x_wconf 87' lang='grc' dir='ltr'><strong><em>λόγους</em></strong></span> <span class='ocrx_word' id='word_1_362' title='bbox 1102 3181 1148 3248; x_wconf 73' lang='grc' dir='ltr'><strong><em>καί</em></strong></span> <span class='ocrx_word' id='word_1_363' title='bbox 1164 3185 1217 3256; x_wconf 83' lang='grc' dir='ltr'><strong><em>τὰς</em></strong></span> <span class='ocrx_word' id='word_1_364' title='bbox 1231 3186 1435 3265; x_wconf 87' lang='grc' dir='ltr'><strong><em>θαυμαστίους</em></strong></span> 
     </span>
     <span class='ocr_line' id='line_1_35' title="bbox 255 3265 1435 3374; baseline 0 -43"><span class='ocrx_word' id='word_1_365' title='bbox 255 3267 416 3371; x_wconf 80' lang='grc' dir='ltr'><strong><em>πράξεις’</em></strong></span> <span class='ocrx_word' id='word_1_366' title='bbox 389 3279 473 3332; x_wconf 85' lang='grc' dir='ltr'><strong><em>ειπεῐν</em></strong></span> <span class='ocrx_word' id='word_1_367' title='bbox 492 3265 555 3350; x_wconf 85' lang='grc' dir='ltr'><strong><em>ύμῖν</em></strong></span> <span class='ocrx_word' id='word_1_368' title='bbox 573 3269 658 3348; x_wconf 90' lang='grc' dir='ltr'><strong><em>μόνον</em></strong></span> <span class='ocrx_word' id='word_1_369' title='bbox 678 3270 772 3350; x_wconf 76' lang='grc' dir='ltr'><strong><em>ἔχομεν</em></strong></span> <span class='ocrx_word' id='word_1_370' title='bbox 788 3271 911 3371; x_wconf 79' lang='grc' dir='ltr'><strong><em>ἐντολὴν,</em></strong></span> <span class='ocrx_word' id='word_1_371' title='bbox 931 3267 977 3332; x_wconf 75' lang='grc' dir='ltr'><strong><em>καὶ</em></strong></span> <span class='ocrx_word' id='word_1_372' title='bbox 993 3266 1055 3332; x_wconf 75' lang='grc' dir='ltr'><strong><em>ἀντὶ</em></strong></span> <span class='ocrx_word' id='word_1_373' title='bbox 1070 3273 1120 3350; x_wconf 79' lang='grc' dir='ltr'><strong><em>τῆς</em></strong></span> <span class='ocrx_word' id='word_1_374' title='bbox 1134 3275 1244 3374; x_wconf 77' lang='grc' dir='ltr'><strong><em>λογιηης</em></strong></span> <span class='ocrx_word' id='word_1_375' title='bbox 1259 3269 1435 3373; x_wconf 86' lang='grc' dir='ltr'><strong><em>ἀποδείξεως</em></strong></span> 
     </span>
     <span class='ocr_line' id='line_1_36' title="bbox 254 3352 1434 3460; baseline 0.002 -45"><span class='ocrx_word' id='word_1_376' title='bbox 254 3352 400 3460; x_wconf 80' lang='grc' dir='ltr'><strong><em>μάρτυρας</em></strong></span> <span class='ocrx_word' id='word_1_377' title='bbox 419 3355 575 3460; x_wconf 82' lang='grc' dir='ltr'><strong><em>παρέχομεν</em></strong></span> <span class='ocrx_word' id='word_1_378' title='bbox 594 3353 656 3458; x_wconf 89' lang='grc' dir='ltr'><strong><em>ύμιν</em></strong></span> <span class='ocrx_word' id='word_1_379' title='bbox 676 3360 732 3420; x_wconf 83' lang='grc' dir='ltr'><strong><em>των</em></strong></span> <span class='ocrx_word' id='word_1_380' title='bbox 753 3352 818 3428; x_wconf 77' lang='grc' dir='ltr'><strong><em>ἐξ</em></strong></span> <span class='ocrx_word' id='word_1_381' title='bbox 806 3359 882 3458; x_wconf 73' lang='grc' dir='ltr'><strong><em>υμῶν</em></strong></span> <span class='ocrx_word' id='word_1_382' title='bbox 896 3353 1088 3459; x_wconf 77' lang='grc' dir='ltr'><strong><em>παρεστώτων</em></strong></span> <span class='ocrx_word' id='word_1_383' title='bbox 1110 3354 1282 3428; x_wconf 78' lang='grc' dir='ltr'><strong><em>πολλοὺς,’</em></strong></span> <span class='ocrx_word' id='word_1_384' title='bbox 1264 3381 1303 3417; x_wconf 91' lang='grc' dir='ltr'><strong><em>ων</em></strong></span> <span class='ocrx_word' id='word_1_385' title='bbox 1323 3356 1377 3434; x_wconf 82' lang='grc' dir='ltr'><strong><em>ἐγὼ</em></strong></span> <span class='ocrx_word' id='word_1_386' title='bbox 1393 3355 1434 3417; x_wconf 85' lang='grc' dir='ltr'><strong><em>τὰ</em></strong></span> 
     </span>
     <span class='ocr_line' id='line_1_37' title="bbox 256 3435 1434 3543; baseline 0.002 -44"><span class='ocrx_word' id='word_1_387' title='bbox 256 3435 313 3543; x_wconf 77' lang='grc' dir='ltr'><strong><em>εἴδη</em></strong></span> <span class='ocrx_word' id='word_1_388' title='bbox 327 3441 472 3519; x_wconf 87' lang='grc' dir='ltr'><strong><em>μέμνημαι,</em></strong></span> <span class='ocrx_word' id='word_1_389' title='bbox 487 3464 526 3536; x_wconf 82' lang='grc' dir='ltr'><strong><em>ως</em></strong></span> <span class='ocrx_word' id='word_1_390' title='bbox 541 3439 681 3542; x_wconf 78' lang='grc' dir='ltr'><strong><em>ἐμψύχως·</em></strong></span> <span class='ocrx_word' id='word_1_391' title='bbox 692 3437 810 3514; x_wconf 83' lang='grc' dir='ltr'><strong><em>εάιόνας,</em></strong></span> <span class='ocrx_word' id='word_1_392' title='bbox 825 3438 924 3509; x_wconf 82' lang='grc' dir='ltr'><strong><em>ἱκανὰς</em></strong></span> <span class='ocrx_word' id='word_1_393' title='bbox 936 3440 1092 3543; x_wconf 83' lang='grc' dir='ltr'><strong><em>μαρτυρίας</em></strong></span> <span class='ocrx_word' id='word_1_394' title='bbox 1100 3439 1263 3502; x_wconf 87' lang='grc' dir='ltr'><strong><em>λοιπὸν</em></strong></span> <span class='ocrx_word' id='word_1_395' title='bbox 1231 3463 1281 3518; x_wconf 89' lang='grc' dir='ltr'><strong><em>της</em></strong></span> <span class='ocrx_word' id='word_1_396' title='bbox 1294 3436 1434 3518; x_wconf 78' lang='grc' dir='ltr'><strong><em>ὑμετέρας</em></strong></span> 
     </span>
     <span class='ocr_line' id='line_1_38' title="bbox 256 3520 1435 3628; baseline 0.001 -44"><span class='ocrx_word' id='word_1_397' title='bbox 256 3523 329 3584; x_wconf 81' lang='grc' dir='ltr'><strong><em>ἐστιν</em></strong></span> <span class='ocrx_word' id='word_1_398' title='bbox 344 3520 506 3627; x_wconf 67' lang='grc' dir='ltr'><strong><em>ε’ξηυσάγς,</em></strong></span> <span class='ocrx_word' id='word_1_399' title='bbox 493 3523 611 3584; x_wconf 90' lang='grc' dir='ltr'><strong><em>υπείκειν</em></strong></span> <span class='ocrx_word' id='word_1_400' title='bbox 626 3526 642 3605; x_wconf 85' lang='lat'><strong><em>6</em></strong></span> <span class='ocrx_word' id='word_1_401' title='bbox 658 3525 796 3587; x_wconf 84' lang='grc' dir='ltr'><strong><em>ἀπειθεῖν.</em></strong></span> <span class='ocrx_word' id='word_1_402' title='bbox 812 3549 861 3584; x_wconf 90' lang='grc' dir='ltr'><strong><em>του</em></strong></span> <span class='ocrx_word' id='word_1_403' title='bbox 850 3522 905 3586; x_wconf 75' lang='grc' dir='ltr'><strong><em>δὲ</em></strong></span> <span class='ocrx_word' id='word_1_404' title='bbox 894 3521 1042 3628; x_wconf 85' lang='grc' dir='ltr'><strong><em>λέγειν</em></strong></span> <span class='ocrx_word' id='word_1_405' title='bbox 1022 3533 1084 3603; x_wconf 83' lang='grc' dir='ltr'><strong><em>υμῖν</em></strong></span> <span class='ocrx_word' id='word_1_406' title='bbox 1103 3523 1135 3585; x_wconf 86' lang='grc' dir='ltr'><strong><em>τὸ</em></strong></span> <span class='ocrx_word' id='word_1_407' title='bbox 1156 3524 1297 3626; x_wconf 86' lang='grc' dir='ltr'><strong><em>συμφέρον</em></strong></span> <span class='ocrx_word' id='word_1_408' title='bbox 1312 3522 1346 3584; x_wconf 91' lang='grc' dir='ltr'><strong><em>ού</em></strong></span> <span class='ocrx_word' id='word_1_409' title='bbox 1360 3522 1435 3585; x_wconf 88' lang='grc' dir='ltr'><strong><em>παύ-</em></strong></span> 
     </span>
     <span class='ocr_line' id='line_1_39' title="bbox 256 3601 1436 3714; baseline 0.003 -50"><span class='ocrx_word' id='word_1_410' title='bbox 256 3628 354 3706; x_wconf 64' lang='grc' dir='ltr'><strong><em>σομαι,</em></strong></span> <span class='ocrx_word' id='word_1_411' title='bbox 376 3604 418 3665; x_wconf 87' lang='grc' dir='ltr'><strong><em>ύτι</em></strong></span> <span class='ocrx_word' id='word_1_412' title='bbox 432 3601 490 3684; x_wconf 73' lang='grc' dir='ltr'><strong><em>ἐμοῦ</em></strong></span> <span class='ocrx_word' id='word_1_413' title='bbox 501 3601 554 3703; x_wconf 76' lang='grc' dir='ltr'><strong><em>μὲν</em></strong></span> <span class='ocrx_word' id='word_1_414' title='bbox 570 3608 691 3686; x_wconf 89' lang='grc' dir='ltr'><strong><em>ζημία</em></strong></span> <span class='ocrx_word' id='word_1_415' title='bbox 665 3633 697 3669; x_wconf 92' lang='grc' dir='ltr'><strong><em>το</em></strong></span> <span class='ocrx_word' id='word_1_416' title='bbox 713 3611 838 3681; x_wconf 86' lang='grc' dir='ltr'><strong><em>σιωπάν,</em></strong></span> <span class='ocrx_word' id='word_1_417' title='bbox 854 3605 918 3687; x_wconf 84' lang='grc' dir='ltr'><strong><em>ύμῖν</em></strong></span> <span class='ocrx_word' id='word_1_418' title='bbox 933 3613 962 3669; x_wconf 86' lang='grc' dir='ltr'><strong><em>δε</em></strong></span> <span class='ocrx_word' id='word_1_419' title='bbox 976 3631 1009 3668; x_wconf 93' lang='grc' dir='ltr'><strong><em>το</em></strong></span> <span class='ocrx_word' id='word_1_420' title='bbox 1026 3607 1156 3670; x_wconf 78' lang='grc' dir='ltr'><strong><em>ἀπειθεῖν</em></strong></span> <span class='ocrx_word' id='word_1_421' title='bbox 1160 3607 1271 3714; x_wconf 82' lang='grc' dir='ltr'><strong><em>βλάβη,</em></strong></span> <span class='ocrx_word' id='word_1_422' title='bbox 1265 3607 1367 3670; x_wconf 87' lang='grc' dir='ltr'><strong><em>,ἀλλὰ</em></strong></span> <span class='ocrx_word' id='word_1_423' title='bbox 1383 3603 1436 3669; x_wconf 79' lang='grc' dir='ltr'><strong><em>καὶ</em></strong></span> 
     </span>
     <span class='ocr_line' id='line_1_40' title="bbox 256 3656 1503 3798; baseline 0.006 -51"><span class='ocrx_word' id='word_1_424' title='bbox 256 3691 312 3748; x_wconf 87' lang='grc' dir='ltr'><strong><em>τών</em></strong></span> <span class='ocrx_word' id='word_1_425' title='bbox 327 3688 438 3750; x_wconf 87' lang='grc' dir='ltr'><strong><em>είκαίων</em></strong></span> <span class='ocrx_word' id='word_1_426' title='bbox 451 3685 527 3767; x_wconf 81' lang='grc' dir='ltr'><strong><em>ύμών</em></strong></span> <span class='ocrx_word' id='word_1_427' title='bbox 542 3689 784 3788; x_wconf 86' lang='grc' dir='ltr'><strong><em>προβλημάτων</em></strong></span> <span class='ocrx_word' id='word_1_428' title='bbox 754 3717 807 3762; x_wconf 89' lang='grc' dir='ltr'><strong><em>τας</em></strong></span> <span class='ocrx_word' id='word_1_429' title='bbox 818 3656 974 3766; x_wconf 64' lang='grc' dir='ltr'><strong><em>ἀπυδειξες</em></strong></span> <span class='ocrx_word' id='word_1_430' title='bbox 986 3691 1141 3754; x_wconf 86' lang='grc' dir='ltr'><strong><em>ἀποδοῦναι</em></strong></span> <span class='ocrx_word' id='word_1_431' title='bbox 1139 3694 1297 3798; x_wconf 78' lang='grc' dir='ltr'><strong><em>ἐβυναμην,</em></strong></span> <span class='ocrx_word' id='word_1_432' title='bbox 1313 3716 1335 3752; x_wconf 91' lang='grc' dir='ltr'><strong><em>ει</em></strong></span> <span class='ocrx_word' id='word_1_433' title='bbox 1334 3692 1435 3773; x_wconf 84' lang='grc' dir='ltr'><strong><em>’φιλοι-</em></strong></span> <span class='ocrx_word' id='word_1_434' title='bbox 1500 3704 1503 3712; x_wconf 90' lang='grc'><strong>“</strong></span> 
     </span>
     <span class='ocr_line' id='line_1_41' title="bbox 255 3768 1436 3900; baseline 0.004 -69"><span class='ocrx_word' id='word_1_435' title='bbox 255 3768 355 3850; x_wconf 85' lang='grc' dir='ltr'><strong><em>λη’θως</em></strong></span> <span class='ocrx_word' id='word_1_436' title='bbox 374 3771 581 3833; x_wconf 83' lang='grc' dir='ltr'><strong><em>ἐπυνθάνεσθε.</em></strong></span> <span class='ocrx_word' id='word_1_437' title='bbox 601 3773 735 3876; x_wconf 82' lang='grc' dir='ltr'><strong><em>κώνωπος</em></strong></span> <span class='ocrx_word' id='word_1_438' title='bbox 757 3774 787 3836; x_wconf 78' lang='grc' dir='ltr'><strong><em>δὲ</em></strong></span> <span class='ocrx_word' id='word_1_439' title='bbox 809 3801 855 3837; x_wconf 89' lang='grc' dir='ltr'><strong><em>και</em></strong></span> <span class='ocrx_word' id='word_1_440' title='bbox 847 3771 1068 3880; x_wconf 55' lang='grc' dir='ltr'><strong><em>ἐλέφαντος</em></strong></span> <span class='ocrx_word' id='word_1_441' title='bbox 1041 3801 1117 3900; x_wconf 87' lang='grc' dir='ltr'><strong><em>την</em></strong></span> <span class='ocrx_word' id='word_1_442' title='bbox 1111 3777 1205 3837; x_wconf 86' lang='grc' dir='ltr'><strong><em>αι’τιαν</em></strong></span> <span class='ocrx_word' id='word_1_443' title='bbox 1225 3780 1276 3855; x_wconf 77' lang='grc' dir='ltr'><strong><em>τῆς</em></strong></span> <span class='ocrx_word' id='word_1_444' title='bbox 1295 3775 1436 3878; x_wconf 85' lang='grc' dir='ltr'><strong><em>διαφόρου</em></strong></span> 
     </span>
     <span class='ocr_line' id='line_1_42' title="bbox 256 3804 1437 3942; baseline 0.006 -27"><span class='ocrx_word' id='word_1_445' title='bbox 256 3855 475 3935; x_wconf 78' lang='grc' dir='ltr'><strong><em>δημιουργίας</em></strong></span> <span class='ocrx_word' id='word_1_446' title='bbox 445 3880 493 3916; x_wconf 90' lang='grc' dir='ltr'><strong><em>νυν</em></strong></span> <span class='ocrx_word' id='word_1_447' title='bbox 507 3852 569 3932; x_wconf 83' lang='grc' dir='ltr'><strong><em>ύμῖν</em></strong></span> <span class='ocrx_word' id='word_1_448' title='bbox 584 3868 670 3918; x_wconf 84' lang='grc' dir='ltr'><strong><em>ειπεὶν</em></strong></span> <span class='ocrx_word' id='word_1_449' title='bbox 683 3857 734 3920; x_wconf 87' lang='grc' dir='ltr'><strong><em>ούκ</em></strong></span> <span class='ocrx_word' id='word_1_450' title='bbox 748 3859 821 3920; x_wconf 81' lang='grc' dir='ltr'><strong><em>ἔστιν</em></strong></span> <span class='ocrx_word' id='word_1_451' title='bbox 835 3856 961 3940; x_wconf 85' lang='grc' dir='ltr'><strong><em>εύκαιροι</em></strong></span> <span class='ocrx_word' id='word_1_452' title='bbox 976 3869 1034 3930; x_wconf 88' lang='grc' dir='ltr'><strong><em>τοῖς</em></strong></span> <span class='ocrx_word' id='word_1_453' title='bbox 1049 3860 1117 3923; x_wconf 79' lang='lat'>060⁵</span> <span class='ocrx_word' id='word_1_454' title='bbox 1137 3865 1194 3922; x_wconf 83' lang='grc' dir='ltr'><strong><em>των</em></strong></span> <span class='ocrx_word' id='word_1_455' title='bbox 1209 3804 1318 3922; x_wconf 79' lang='grc' dir='ltr'><strong><em>ὅλύιν</em></strong></span> <span class='ocrx_word' id='word_1_456' title='bbox 1299 3863 1437 3942; x_wconf 87' lang='grc' dir='ltr'><strong><em>αγνοοῦσι</em></strong></span> 
     </span>
     <span class='ocr_line' id='line_1_43' title="bbox 256 3937 335 4000; baseline 0.014 -1"><span class='ocrx_word' id='word_1_457' title='bbox 256 3937 335 4000; x_wconf 88' lang='grc' dir='ltr'><strong><em>θεόν.</em></strong></span> 
     </span>
    </p>

    <p class='ocr_par' dir='ltr' id='par_1_8' title="bbox 256 4022 1438 4446">
     <span class='ocr_line' id='line_1_44' title="bbox 338 4022 1434 4130; baseline 0.01 -50"><span class='ocrx_word' id='word_1_458' title='bbox 338 4022 394 4080; x_wconf 83' lang='lat' dir='ltr'><strong><em>XI.</em></strong></span> <span class='ocrx_word' id='word_1_459' title='bbox 436 4025 537 4083; x_wconf 87' lang='grc' dir='ltr'><strong><em>Ταῦτα</em></strong></span> <span class='ocrx_word' id='word_1_460' title='bbox 554 4023 639 4085; x_wconf 81' lang='grc' dir='ltr'><strong><em>αυτοῦ</em></strong></span> <span class='ocrx_word' id='word_1_461' title='bbox 659 4023 831 4130; x_wconf 75' lang='grc' dir='ltr'><strong><em>λέγοντος,’</em></strong></span> <span class='ocrx_word' id='word_1_462' title='bbox 816 4053 845 4090; x_wconf 85' lang='grc' dir='ltr'><strong><em>εκ</em></strong></span> <span class='ocrx_word' id='word_1_463' title='bbox 860 4027 1022 4107; x_wconf 89' lang='grc' dir='ltr'><strong><em>συμφωνίας</em></strong></span> <span class='ocrx_word' id='word_1_464' title='bbox 1037 4027 1161 4090; x_wconf 79' lang='grc' dir='ltr'><strong><em>ἄτακτον</em></strong></span> <span class='ocrx_word' id='word_1_465' title='bbox 1177 4027 1297 4110; x_wconf 81' lang='grc' dir='ltr'><strong><em>ἠφίεσαν</em></strong></span> <span class='ocrx_word' id='word_1_466' title='bbox 1312 4029 1434 4110; x_wconf 87' lang='grc' dir='ltr'><strong><em>γελωτα,</em></strong></span> 
     </span>
     <span class='ocr_line' id='line_1_45' title="bbox 256 4101 1438 4212; baseline 0.007 -45"><span class='ocrx_word' id='word_1_467' title='bbox 256 4110 441 4168; x_wconf 77' lang='grc' dir='ltr'><strong><em>κατασιωπᾶν</em></strong></span> <span class='ocrx_word' id='word_1_468' title='bbox 461 4101 508 4167; x_wconf 76' lang='grc' dir='ltr'><strong><em>καὶ</em></strong></span> <span class='ocrx_word' id='word_1_469' title='bbox 527 4107 643 4184; x_wconf 85' lang='grc' dir='ltr'><strong><em>ἀπυρειν</em></strong></span> <span class='ocrx_word' id='word_1_470' title='bbox 665 4108 751 4211; x_wconf 75' lang='lat'>66060</span> <span class='ocrx_word' id='word_1_471' title='bbox 773 4109 934 4190; x_wconf 78' lang='grc' dir='ltr'><strong><em>πειρώμενοι</em></strong></span> <span class='ocrx_word' id='word_1_472' title='bbox 953 4108 992 4180; x_wconf 88' lang='grc' dir='ltr'><strong><em>ώς</em></strong></span> <span class='ocrx_word' id='word_1_473' title='bbox 993 4110 1148 4212; x_wconf 81' lang='grc' dir='ltr'><strong><em>βάρβαρόν</em></strong></span> <span class='ocrx_word' id='word_1_474' title='bbox 1163 4139 1227 4175; x_wconf 89' lang='grc' dir='ltr'><strong><em>τινα</em></strong></span> <span class='ocrx_word' id='word_1_475' title='bbox 1243 4117 1438 4192; x_wconf 86' lang='grc' dir='ltr'><strong><em>δαιμονώντα.</em></strong></span> 
     </span>
     <span class='ocr_line' id='line_1_46' title="bbox 256 4186 1438 4301; baseline 0.012 -53"><span class='ocrx_word' id='word_1_476' title='bbox 256 4188 309 4265; x_wconf 80' lang='grc' dir='ltr'><strong><em>ἐγώ</em></strong></span> <span class='ocrx_word' id='word_1_477' title='bbox 324 4186 354 4249; x_wconf 79' lang='grc' dir='ltr'><strong><em>δὲ</em></strong></span> <span class='ocrx_word' id='word_1_478' title='bbox 368 4193 459 4250; x_wconf 84' lang='grc' dir='ltr'><strong><em>ταῦτα</em></strong></span> <span class='ocrx_word' id='word_1_479' title='bbox 473 4188 559 4268; x_wconf 81' lang='grc' dir='ltr'><strong><em>όρών,</em></strong></span> <span class='ocrx_word' id='word_1_480' title='bbox 581 4191 700 4294; x_wconf 82' lang='grc' dir='ltr'><strong><em>ζήλῳ</em></strong></span> <span class='ocrx_word' id='word_1_481' title='bbox 672 4218 721 4254; x_wconf 90' lang='grc' dir='ltr'><strong><em>ουκ</em></strong></span> <span class='ocrx_word' id='word_1_482' title='bbox 736 4193 817 4255; x_wconf 76' lang='grc' dir='ltr'><strong><em>οἷδ’</em></strong></span> <span class='ocrx_word' id='word_1_483' title='bbox 803 4219 882 4301; x_wconf 82' lang='grc' dir='ltr'><strong><em>οπως</em></strong></span> <span class='ocrx_word' id='word_1_484' title='bbox 897 4191 1029 4297; x_wconf 74' lang='grc' dir='ltr'><strong><em>ληφθείς,</em></strong></span> <span class='ocrx_word' id='word_1_485' title='bbox 1049 4196 1157 4278; x_wconf 85' lang='grc' dir='ltr'><strong><em>εῦσεβεῖ</em></strong></span> <span class='ocrx_word' id='word_1_486' title='bbox 1168 4201 1254 4300; x_wconf 74' lang='lat'>6666</span> <span class='ocrx_word' id='word_1_487' title='bbox 1269 4221 1319 4258; x_wconf 91' lang='grc' dir='ltr'><strong><em>του</em></strong></span> <span class='ocrx_word' id='word_1_488' title='bbox 1308 4201 1438 4262; x_wconf 81' lang='grc' dir='ltr'><strong><em>λοιποῦ</em></strong></span> 
     </span>
     <span class='ocr_line' id='line_1_47' title="bbox 256 4272 1440 4386; baseline 0.015 -58"><span class='ocrx_word' id='word_1_489' title='bbox 256 4273 336 4360; x_wconf 81' lang='grc' dir='ltr'><strong><em>σιγᾶν</em></strong></span> <span class='ocrx_word' id='word_1_490' title='bbox 355 4272 406 4332; x_wconf 85' lang='grc' dir='ltr'><strong><em>οῦκ</em></strong></span> <span class='ocrx_word' id='word_1_491' title='bbox 426 4275 602 4351; x_wconf 76' lang='grc' dir='ltr'><strong><em>ἐκαρτερουν,</em></strong></span> <span class='ocrx_word' id='word_1_492' title='bbox 623 4274 696 4338; x_wconf 84' lang='grc' dir='ltr'><strong><em>ἀλλά</em></strong></span> <span class='ocrx_word' id='word_1_493' title='bbox 692 4278 780 4378; x_wconf 74' lang='grc' dir='ltr'><strong><em>μετά</em></strong></span> <span class='ocrx_word' id='word_1_494' title='bbox 796 4279 953 4386; x_wconf 77' lang='grc' dir='ltr'><strong><em>παρρησίας</em></strong></span> <span class='ocrx_word' id='word_1_495' title='bbox 968 4280 1055 4384; x_wconf 81' lang='grc' dir='ltr'><strong><em>ἐβόων</em></strong></span> <span class='ocrx_word' id='word_1_496' title='bbox 1074 4282 1171 4362; x_wconf 91' lang='grc' dir='ltr'><strong><em>λέγων</em></strong></span> <span class='ocrx_word' id='word_1_497' title='bbox 1191 4278 1344 4383; x_wconf 79' lang='grc' dir='ltr'><strong><em>ιύλώγωςῦ</em></strong></span> <span class='ocrx_word' id='word_1_498' title='bbox 1360 4282 1440 4381; x_wconf 75' lang='grc' dir='ltr'><strong><em>θεδς</em></strong></span> 
     </span>
     <span class='ocr_line' id='line_1_48' title="bbox 256 4352 1438 4446; baseline 0.008 -34"><span class='ocrx_word' id='word_1_499' title='bbox 256 4375 316 4426; x_wconf 90' lang='grc' dir='ltr'><strong><em>υμεν</em></strong></span> <span class='ocrx_word' id='word_1_500' title='bbox 331 4352 572 4434; x_wconf 87' lang='grc' dir='ltr'><strong><em>ακατάληπτυν</em></strong></span> <span class='ocrx_word' id='word_1_501' title='bbox 545 4382 595 4438; x_wconf 84' lang='grc' dir='ltr'><strong><em>την</em></strong></span> <span class='ocrx_word' id='word_1_502' title='bbox 616 4360 702 4422; x_wconf 79' lang='grc' dir='ltr'><strong><em>αὐτοῦ</em></strong></span> <span class='ocrx_word' id='word_1_503' title='bbox 721 4360 847 4441; x_wconf 82' lang='grc' dir='ltr'><strong><em>βούλησιν</em></strong></span> <span class='ocrx_word' id='word_1_504' title='bbox 862 4363 948 4424; x_wconf 79' lang='grc' dir='ltr'><strong><em>ἔθετο</em></strong></span> <span class='ocrx_word' id='word_1_505' title='bbox 968 4366 1100 4437; x_wconf 76' lang='grc' dir='ltr'><strong><em>ἀναξίους</em></strong></span> <span class='ocrx_word' id='word_1_506' title='bbox 1117 4365 1253 4446; x_wconf 76' lang='grc' dir='ltr'><strong><em>υρρλδώι,</em></strong></span> <span class='ocrx_word' id='word_1_507' title='bbox 1275 4359 1344 4439; x_wconf 78' lang='grc' dir='ltr'><strong><em>ἐξ</em></strong></span> <span class='ocrx_word' id='word_1_508' title='bbox 1321 4392 1362 4428; x_wconf 83' lang='lat'><strong><em>60</em></strong></span> <span class='ocrx_word' id='word_1_509' title='bbox 1382 4371 1438 4430; x_wconf 65' lang='lat' dir='ltr'><strong><em>vim</em></strong></span> 
     </span>
    </p>
   </div>
   <div class='ocr_carea' id='block_1_7' title="bbox 0 0 1575 4894">
    <p class='ocr_par' dir='ltr' id='par_1_9' title="bbox 0 0 1575 4894">
     <span class='ocr_line' id='line_1_49' title="bbox 0 0 1575 4894; baseline 0 0"><span class='ocrx_word' id='word_1_510' title='bbox 0 0 1575 4894; x_wconf 95' lang='lat' dir='ltr'><strong><em> </em></strong></span> 
     </span>
    </p>
   </div>
  </div>
 </body>
</html>
