3114 4896
263 1024 655 1111 KAillllENTOZ¹
679 1023 809 1110 ΤΩΝ
830 1025 1075 1111 ΠΕΤΡΟΥ
1099 1023 1447 1114 ΕΠΙΔΗΜΙΩΝ

481 1169 896 1258 ΚΗΡΥΓΜΑΤΩΝ
920 1172 1206 1258 ΕΠΙΤΟΜΗ.

772 1403 928 1410 ---.

350 1556 485 1640 Κλήμης2
501 1557 623 1640 Ἰακώβῳ
638 1561 677 1637 τῴ
694 1557 776 1638 κυρίῳ
790 1552 837 1618 καί
853 1554 994 1634 ι’πισκόπῳ
1009 1552 1055 1619 καί
1071 1555 1229 1620 ἐπισκόπων
1243 1558 1384 1638 ἐπισκόπῳ
1393 1564 1442 1638 τῷ

264 1641 314 1724 τήν
330 1645 377 1707 ἐν3
390 1639 570 1725 Ἰερουσαλήμ
585 1641 668 1724 ἁγίαν
683 1646 738 1704 τῶν
753 1644 930 1722 Χριστιανῶν
946 1640 1088 1722 ἕκκλήσίαν
1104 1642 1222 1705 διέποντι
1237 1640 1283 1706 καί
1298 1641 1351 1715 τοὶς
1365 1669 1441 1708 παν-

264 1733 336 1810 ταχή
356 1732 428 1791 θεοῦ
447 1730 565 1810 προνοίᾳ
584 1727 765 1808 ἱδρυθείσας*
784 1729 876 1796 καλῶς
896 1728 1021 1806 Χριστοῦ
1039 1729 1088 1789 τοῦ
1103 1730 1175 1790 θεοῦ
1193 1725 1272 1808 ήμῶν
1290 1729 1441 1810 ἐκκλησίας

264 1811 313 1876 σόν
334 1837 365 1875 το
385 1812 577 1894 πρεσβυτέροις
597 1807 644 1874 καὶ
663 1809 799 1882 διακόνοις
818 1806 864 1874 καὶ
883 1820 941 1882 τοῖς
955 1814 1061 1882 λοιποῖς
1077 1808 1182 1874 ἅπασιν
1198 1813 1330 1896 adriacis·
1344 1813 1439 1896 είρήνη

264 1893 304 1978 τίη
319 1895 449 1960 πάντοτε.

349 2017 374 2074 Ι.
404 2019 436 2077 Γ
432 2013 549 2096 νώριμον
569 2014 640 2078 ἔστω
660 2039 704 2078 σοι.
723 2011 800 2094 κόριέ
814 2039 876 2095 μου,
895 2011 937 2078 ὅτι
958 2011 1010 2096 ἐγὼ
1030 2013 1147 2096 Κλήμης
1159 2012 1306 2096 Ῥωμαίων
1320 2017 1438 2097 πολίτης

264 2096 303 2163 ὢν
315 2095 361 2162 καὶ
375 2099 425 2180 τήν
440 2097 550 2180 πρώτην
567 2096 673 2180 ήλικίαν
690 2093 820 2178 δυνηθείς
835 2101 915 2180 ζήσαι
930 2097 1082 2199 σωφρόνως
1096 2099 1224 2182 λογισμόν
1238 2125 1269 2163 τε
1283 2099 1438 2182 δεξόμενος

264 2183 314 2246 οόκ
335 2185 399 2247 οἶδα
421 2183 514 2246 πόθεν
530 2183 730 2247 ἐπεισελθόντα
744 2208 790 2265 μοι
811 2179 877 2246 καὶὸ
899 2208 961 2262 περι.
982 2183 1115 2248 θανάτου
1140 2185 1248 2256 πυκνὰς
1270 2183 1436 2267 ποιούμενον

262 2266 426 2351 ὑπομνήσεις
440 2267 534 2340 πόνοις
548 2265 580 2332 τό
600 2268 697 2332 λοιπὸν
717 2265 764 2331 καὶ
779 2268 916 2350 ἀθυμίαις
937 2267 1065 2342 συνέζων.
1103 2263 1160 2351 ἆρα
1179 2270 1247 2352 γὰρ,
1268 2269 1436 2353 ολογιζόμήν,

298 2439 357 2506 Cap.
367 2439 387 2488 I.
400 2433 427 2506 1)
437 2439 477 2488 Ex
486 2437 606 2490 Homiliis
613 2438 825 2488 clementinorum
869 2441 931 2488 stem
950 2436 1060 2488 ostendit
1078 2437 1223 2500 marginalis
1235 2444 1295 2489 nota
1311 2439 1393 2505 posita
1405 2439 1433 2488 in

263 2511 288 2556 et
296 2507 504 2571 Recognitionum
513 2506 595 2569 libris,
605 2511 659 2556 tum
670 2523 699 2557 ex
709 2507 826 2573 Epistola
868 2507 916 2555 Ma.
930 2505 1020 2554 Photio
1036 2505 1160 2569 quondam
1178 2507 1284 2555 Maximi
1296 2507 1432 2569 Margunii.

264 2575 398 2626 Clementis
414 2575 445 2624 ad
461 2574 591 2636 Iacobum,
610 2575 744 2625 Clementis
757 2576 825 2624 Mar·
868 2575 984 2624 Testatur
996 2573 1062 2622 enim
1075 2574 1242 2623 Hoesehelius
1259 2575 1327 2624 eoin
1340 2574 1432 2624 Codice

262 2643 328 2710 tyrio
349 2649 423 2708 etque
441 2642 591 2692 Narratione
607 2643 740 2708 Ephraimi
758 2658 824 2710 epm·
868 2641 899 2690 ad
923 2641 1070 2690 Photianam
1100 2641 1181 2706 capite
1210 2639 1260 2690 113
1284 2641 1432 2708 Myriobibli

262 2711 345 2777 posita
356 2711 406 2760 luit
414 2711 463 2760 ista
472 2711 589 2776 Epitome
597 2727 641 2776 per
651 2727 692 2760 eos
702 2710 824 2774 homines,
868 2724 997 2758 censuram
1009 2708 1039 2757 de
1052 2724 1125 2774 opere
1138 2709 1281 2759 continente
1294 2714 1347 2759 tum
1359 2711 1432 2759 Petri

263 2778 307 2843 qui
319 2778 446 2828 doctrinae
458 2794 486 2826 ac
498 2778 600 2842 pietatis
613 2793 671 2827 suae
683 2773 736 2827 esse
748 2777 824 2827 duxe-
868 2782 923 2826 acta
935 2781 959 2824 et
972 2792 1027 2824 cum
1040 2777 1141 2826 Simone
1151 2778 1226 2840 Mago
1239 2777 1430 2844 disputationes,

262 2849 330 2908 runt,
343 2845 466 2910 quidquid
478 2845 637 2910 superfluum,
648 2845 747 2906 salsum,
758 2845 824 2910 peri-
868 2850 922 2894 tum
941 2844 1075 2893 Clementis
1097 2843 1128 2892 ad
1149 2861 1207 2894 suos
1226 2846 1431 2908 recognitionem,

263 2913 376 2962 culcsum
387 2913 532 2975 ridebatur,
549 2912 576 2961 id
589 2928 661 2962 omne
673 2919 716 2963 aut
728 2913 825 2976 tollere,
868 2915 978 2982 μυρίων
1001 2911 1032 2962 δὲ
1053 2907 1243 2982 ἆτοπημόιτων
1261 2910 1277 2978 ἡ
1300 2932 1432 2983 πραγμα-

263 2985 306 3030 aut
330 2985 427 3031 mutare
450 2985 475 3030 et
505 2980 636 3042 corrigere.
672 2982 720 3031 Ter
742 2986 827 3030 autem
870 2983 928 3031 τεία
943 2982 1029 3050 γέμει,
1048 2979 1202 3046 adscriptum
1217 2983 1356 3032 cernihoc:
1375 2978 1429 3032 ἀλλ’

263 3049 353 3097 factam
375 3049 452 3098 fuisse
461 3048 605 3098 huiusmodi
618 3049 826 3114 compendiariam
871 3043 1081 3118 ίπηνωρθωκώς
1108 3042 1210 3113 ταύτην
1234 3046 1249 3101 ὁ
1273 3056 1430 3120 Μεταγρα-

263 3131 406 3182 compagem
429 3115 531 3166 invenio
553 3115 580 3164 in
604 3117 663 3165 Mss.
694 3116 827 3166 Codicibus
872 3112 949 3180 στὴς,
971 3115 1097 3168 πλοῦτον
1108 3119 1153 3167 καὶ
1166 3112 1319 3184 ταυτότήτα
1336 3117 1370 3189 τή
1383 3119 1433 3170 τοῦ

261 3184 355 3247 Regiae
383 3183 561 3234 Bibliothecae.
597 3183 682 3233 Prima
709 3200 827 3250 compago
871 3183 940 3235 θεοῦ
950 3182 1076 3250 ἐκκλησίᾳ
1090 3179 1222 3236 ἀπέθετο.
1252 3187 1302 3236 Cur
1315 3203 1374 3236 vero
1390 3204 1432 3236 sn-

262 3257 300 3301 est
319 3253 393 3315 haec,
414 3267 430 3301 a
449 3267 487 3301 me
511 3255 569 3318 poet
589 3252 732 3302 Turnebum
746 3252 826 3316 edita,
870 3253 951 3318 spicer
970 3253 1079 3318 priorem
1100 3253 1184 3318 potius
1195 3253 1339 3304 Editionem
1357 3269 1432 3319 quam

261 3324 321 3386 post
332 3320 478 3371 Perionium
489 3335 572 3382 versa,
590 3327 688 3372 exstans
700 3321 728 3370 in
740 3321 826 3384 Regiis
869 3321 931 3370 duas
954 3321 1017 3370 alias
1041 3320 1072 3369 ad
1092 3321 1286 3387 Metaphrestem
1307 3323 1433 3388 pertinere

261 3387 346 3438 Libris
359 3405 462 3439 numero
480 3393 581 3456 septem.
619 3389 733 3438 Secunda
744 3389 825 3438 conti-
869 3405 944 3438 eausa
955 3394 1005 3452 est,
1022 3389 1088 3453 quod
1100 3391 1126 3437 in
1135 3389 1214 3438 multo
1226 3389 1340 3456 pluribus
1354 3393 1432 3441 Grae·

261 3461 334 3506 netur
351 3457 498 3524 Exemplari
518 3451 580 3520 148,
600 3462 686 3522 estque
702 3457 825 3524 superiori
868 3473 953 3506 corum
968 3457 1118 3520 Menolcgiis
1135 3463 1160 3506 et
1176 3458 1335 3521 Hagiologiis
1354 3475 1433 3525 appa·

260 3525 346 3590 paullo
358 3526 462 3588 auctior,
472 3525 691 3590 peradditamenta
703 3526 825 3575 sciliceta
868 3529 928 3574 reat.
950 3552 984 3561 —
1008 3525 1106 3574 Titulus
1130 3524 1177 3572 hcc
1200 3531 1273 3590 pacto
1296 3532 1432 3592 conceptus

261 3592 423 3642 clementinis
435 3593 527 3658 petita,
547 3607 609 3656 quae
627 3592 658 3640 ad
670 3609 726 3642 oras
738 3593 823 3658 posui·
867 3597 948 3642 exstat
964 3593 991 3642 in
1011 3591 1106 3640 duobus
1123 3593 1223 3658 scriptis
1236 3594 1332 3643 Libris:
1355 3589 1432 3660 Κλή-

261 3675 323 3708 mus.
359 3659 468 3709 Tertiam
482 3659 564 3708 (lodex
576 3655 628 3709 804
641 3660 821 3726 complectitur.
865 3677 968 3730 μεντος
997 3654 1156 3710 ἐπισκόπου
1183 3655 1287 3729 Ῥώμης
1315 3656 1431 3728 Ἰακώβῳ

261 3727 347 3789 Longe
367 3742 395 3776 ea
406 3727 613 3792 praecedentibus
631 3732 668 3778 cst
685 3729 781 3778 auctior
793 3745 823 3778 ex
866 3722 1014 3794 ἐπισκόπῳ
1036 3721 1247 3797 Ἰεροσολύμων,
1279 3732 1344 3800 περὶ
1373 3729 1433 3782 τῶν

263 3794 413 3844 assumentis
424 3795 512 3846 itidem
525 3795 751 3860 clementinorum,
763 3812 822 3847 nec·
867 3791 992 3863 πράξεων
1003 3795 1049 3848 καὶ
1061 3790 1203 3865 περιόδων
1221 3796 1272 3848 τοῦ
1286 3796 1368 3866 ἁγίου
1386 3801 1433 3848 καὶ

261 3877 311 3912 non
334 3862 464 3928 Epistolae
488 3863 519 3913 ad
543 3864 675 3928 Iacobum,
697 3865 822 3914 interdum
865 3867 1021 3934 κορυφαίου
1044 3863 1100 3916 τῶν
1120 3859 1289 3916 ἀποστόλων
1309 3867 1429 3931 Πέτρου,

261 3945 318 3981 eum
340 3931 503 3996 Paraphrasi:
534 3937 558 3981 et
587 3948 724 3984 connexum
748 3933 823 3984 habet
866 3926 909 3992 αἷς
929 3928 1009 3984 καὶὸ
1034 3929 1121 3984 αὐτοῦ
1141 3936 1201 3997 βίος
1230 3934 1430 4005 συμπεριείλη-

259 3999 416 4066 Martyrium·
427 3997 569 4064 Clementis,
586 4001 745 4052 subiunctum
764 4017 822 4050 vero
867 4019 943 4052 πται.
977 4001 1086 4050 Additur
1105 3999 1243 4051 intentio:
1267 3996 1432 4070 Κλήμεντος

259 4068 392 4134 Ephraimi
410 4067 576 4134 Opusculum:
606 4069 676 4120 cuius
697 4069 822 4119 breviatae
866 4069 922 4121 τῶν
939 4071 1050 4138 Πέτρου
1069 4065 1228 4134 ἓπιιλημιιῦν
1246 4063 1432 4148 κηρυγμάτων

260 4135 421 4186 Collectionis
443 4142 544 4187 cunctas
561 4137 694 4188 varietates
711 4142 736 4186 et
751 4137 821 4187 addi·
865 4133 994 4207 ἐπιτομὴ,
1008 4137 1074 4201 quod
1085 4135 1161 4185 habet
1174 4137 1305 4216 inscriptio
1316 4137 1431 4187 Clemen-

259 4203 340 4253 tiones
352 4219 408 4253 curn
426 4205 510 4254 nullae
526 4205 651 4268 margines
664 4220 821 4272 caperepos-
864 4205 987 4268 tinorum,
1021 4205 1135 4268 quodque
1174 4205 1254 4254 solum
1280 4221 1326 4270 pro
1354 4205 1432 4254 titulo

260 4275 328 4334 sent,
341 4271 472 4337 plerasque
487 4288 572 4322 omnes
588 4274 723 4338 praeterire
741 4273 821 4322 coacti
864 4273 965 4322 exhibet
988 4289 1065 4322 unum
1088 4272 1236 4338 Exemplar.
1274 4273 1331 4322 Alio
1354 4272 1431 4323 modo

260 4353 352 4388 sumus.
366 4339 444 4388 Porro
454 4341 528 4390 unius
538 4340 614 4389 trium
626 4340 748 4390 dictarum
758 4341 820 4390 Edi·
865 4344 971 4404 quatuor
984 4339 1101 4390 Codices:
1125 4343 1185 4402 βίος
1198 4340 1249 4392 τοῦ
1259 4336 1342 4407 ἁγίου
1354 4341 1430 4406 ἱερο-

259 4404 356 4455 tionum
374 4410 499 4456 auctorem
513 4409 660 4473 symeonem
676 4408 820 4474 Metaphre-
863 4401 1004 4475 μάρτυρος
1026 4406 1076 4472 (vel
1096 4404 1245 4476 μάρτυρος)
1264 4403 1428 4477 Κλήμεντος
