3126 4894
200 1503 271 1576 Pug.
283 1504 309 1570 3,
322 1505 425 1558 vers3
443 1510 578 1574 punctum
595 1508 687 1560 ma'us
705 1506 855 1563 locandum
868 1510 929 1559 erat
945 1510 1012 1558 ante
1029 1504 1128 1559 verba:
1154 1511 1178 1560 εἰ
1198 1504 1246 1574 ἧνη
1263 1513 1304 1575 εἴη

132 1571 272 1636 πάντοτε,
291 1589 382 1641 aeque
399 1579 485 1642 atque
501 1592 528 1642 p.
543 1576 582 1642 10,
596 1592 620 1628 v.
633 1527 657 1628 d.
688 1573 819 1630 Ceterum
835 1572 994 1642 adstipulor
1008 1571 1156 1626 Dresselio
1175 1526 1226 1627 iila
1242 1573 1305 1653 ipsa

132 1640 223 1694 verba
235 1639 389 1710 genuinam
402 1640 549 1709 scriptoris
561 1658 673 1694 manum
683 1641 814 1696 exhibere
824 1640 977 1710 judicanti.
995 1639 1095 1709 Neque
1105 1639 1180 1693 enim
1189 1640 1305 1695 audran-

100 1755 105 1766 ,
133 1708 188 1760 dus
201 1706 289 1772 foret,
308 1707 332 1759 si
351 1707 415 1777 quis
431 1713 546 1777 propter
558 1709 638 1762 codd.
657 1727 737 1765 mser.
755 1707 908 1762 lectiones:
935 1711 965 1764 δν
978 1707 1083 1779 εἰρήνη,
1102 1713 1143 1762 ct:
1161 1712 1191 1764 ἐν
1203 1709 1304 1783 εἰρήνη,

151 1774 229 1830 otius
250 1791 313 1828 esse
335 1774 515 1828 scribendum
538 1776 707 1830 contendere
728 1776 830 1830 vellet:
856 1780 886 1832 ἐν
907 1773 1001 1862 τῖρήνρ
1025 1766 1095 1844 εἶἠς
1119 1774 1247 1831 πάντοτε.
1271 1807 1304 1816 -

163 1884 168 1892 .
183 1843 216 1895 12
228 1841 409 1896 scribendum
422 1842 534 1912 opinor:
547 1843 616 1898 κατὰ
626 1847 734 1914 μηδένα
747 1843 855 1917 τρόπον
868 1844 953 1915 πρὸς
970 1865 1006 1896 το
1019 1841 1106 1904 ἄλλως
1117 1852 1235 1915 φρονεῖν
1247 1843 1304 1898 ὑπὸ

132 1913 192 1966 τῶν
203 1909 293 1964 πολλὰ
305 1913 447 1966 νιυουσῶν
459 1914 575 1983 γραφῶν
588 1913 767 1978 ἒξοδευδῆναι
781 1914 955 1980 δυνηθέντες.
985 1908 1184 1980 conjecturam
1197 1909 1305 1964 librarii

131 1977 164 2030 in
182 1976 309 2047 margine
328 1977 389 2030 eod.
408 1975 439 2030 Ο.
456 1977 640 2047 adscriptam,
659 1995 743 2047 quam
758 1979 922 2034 Dresselius
944 1977 1092 2032 verborum
1110 1979 1142 2031 in
1162 1977 1304 2048 perpetui·

131 2049 224 2097 tatem
235 2043 354 2116 recepit,
368 2061 462 2098 veram
474 2062 530 2100 non
543 2061 620 2110 esse,
638 2061 759 2115 sequens
773 2047 916 2100 sententia
928 2046 1063 2100 ostendit.
1098 2045 1247 2101 Notandus
1260 2050 1305 2099 est

130 2128 202 2164 usus
220 2109 301 2163 verbi
322 2114 515 2179 δξοδιυθῆναι,
537 2112 612 2181 quod
631 2115 691 2182 jam
717 2113 875 2168 Cotelerius
899 2113 1105 2184 interpretatus
1127 2119 1171 2167 est
1193 2112 1305 2182 „abripi

130 2184 215 2232 extra
226 2179 328 2231 viam.“
355 2178 447 2248 Hujus
458 2197 527 2233 usus
539 2197 708 2249 quamquam
720 2181 800 2235 aliud
811 2199 868 2235 non
879 2180 946 2234 novi
959 2181 1126 2252 exemplum,
1136 2197 1305 2261 persuasum

129 2253 230 2300 tamen
245 2245 350 2310 habeo,
370 2247 534 2300 mutandum
553 2263 616 2300 esse
632 2247 713 2302 nihil.
748 2249 877 2303 Proxime
895 2248 1009 2302 aceedit
1027 2248 1052 2301 is
1064 2247 1144 2302 verbl
1156 2267 1238 2315 usus,
1256 2248 1304 2317 qui

129 2312 272 2434 reperiit}
292 2312 377 2434 atpud‘
388 2313 544 2368 Diodorum
561 2314 591 2368 in
607 2314 675 2368 Exo.
700 2315 782 2369 Phot.
800 2335 826 2386 p.
846 2317 906 2382 521,
925 2315 972 2381 11,
994 2315 1044 2369 ubi
1066 2316 1234 2378 ἐξωδεὺοντο
1259 2321 1303 2368 est

153 2398 209 2434 ven
230 2397 245 2434 e
266 2397 303 2434 an
317 2397 357 2432 ur.
543 2395 548 2404 “

131 2420 151 2449 ”
201 2448 231 2501 Ρ.
243 2447 271 2514 4,
283 2448 353 2516 9sq.
366 2465 450 2517 quum
462 2447 523 2502 cod.
537 2447 567 2502 C.
579 2466 678 2504 vocem
691 2455 735 2504 ἵνα
748 2449 863 2504 omittat
876 2455 905 2504 et
916 2454 1034 2518 uterque
1048 2449 1138 2502 codex
1149 2447 1300 2518 praebeat:

132 2515 307 2587 ἐφοδιάζειν,
327 2516 508 2588 ἔφοδιάζοισι,
526 2533 629 2572 censeo
647 2517 792 2586 equidem,
811 2517 953 2588 duplicem
971 2516 1116 2570 exstitisse
1136 2515 1190 2569 scri
1213 2521 1304 2569 turam

132 2584 259 2637 hancce:
277 2587 323 2640 ἵνα
339 2589 385 2639 καὶ
399 2583 463 2644 τοὺς
472 2589 664 2670 βουλομένους
675 2583 875 2658 ἐφοδιάζωσιν,
893 2590 935 2638 et:
956 2591 1001 2638 καὶ
1018 2584 1084 2646 τοὺς
1098 2594 1122 2652 β.
1135 2534 1304 2654 &medidiem

132 2651 195 2705 vel:
220 2671 242 2704 π
271 2650 305 2712 ὸς
323 2652 359 2706 τὸ
376 2656 420 2706 καὶ
433 2672 498 2713 τους
509 2661 533 2722 β.
547 2651 706 2726 ἓφοδιάζειν
719 2652 780 2724 (cfr.
793 2672 819 2722 p.
832 2653 874 2719 69,
887 2671 913 2705 v.
925 2651 961 2722 9).
1253 2690 1260 2707 .

202 2717 232 2772 P.
245 2671 270 2784 d,
282 2718 299 2770 3
312 2717 491 2772 scribendum
504 2725 565 2773 erat
576 2725 640 2774 aut:
658 2726 708 2776 TO
719 2727 896 2784 BJBAION,
909 2723 972 2772 aut:
989 2727 1159 2776 ΛΑΓΧΑΝ
1161 2723 1214 2773 ΟΝ
1216 2724 1303 2774 ΤΩΝ,

132 2817 166 2826 -
178 2785 213 2838 In
225 2785 387 2852 enuntiato,
406 2787 481 2854 quod
493 2792 538 2841 est
550 2805 575 2840 v.
589 2789 619 2840 11
634 2805 703 2857 sqq,
724 2788 806 2842 deest
822 2787 938 2841 verbum
950 2785 1061 2839 finitum
1072 2786 1146 2852 tale,
1164 2786 1248 2854 quale
1261 2789 1307 2840 δεῖ

132 2853 179 2907 vel
209 2854 251 2922 ρή,
264 2855 339 2922 quod
351 2853 492 2922 posterius
505 2853 591 2908 facile
604 2854 774 2909 intercidere
787 2855 882 2925 potuit
893 2859 959 2924 post
970 2853 1140 2908 vocabulum
1152 2853 1209 2925 ἄγω
1229 2852 1269 2922 ἡν,

186 2875 231 2974 IP.
245 2919 300 2988 7,5
316 2937 475 3040 quantpuam
491 2921 660 2976 vocabulum
679 2927 768 2979 τιθιῡν
784 2928 881 2994 aperte
899 2927 1060 2992 corruptum
1072 2926 1131 2988 est,
1148 2920 1197 3008 qui
1236 2921 1303 2974 sori-

153 2993 212 3042 tum
224 2987 319 3054 fuerit,
332 3005 389 3042 non
413 2988 485 3042 acile
499 2989 586 3043 dictu.
614 2989 879 3045 Probabilissimum
890 2994 986 3044 tamen
997 2989 1123 3044 videtur:
1143 2989 1159 3056 ἠ
1172 3012 1202 3044 τι
1214 2992 1303 3057 δρῶν

131 3081 149 3124 η
167 3056 267 3120 νεύων,
295 3055 361 3134 „yel
377 3055 485 3135 aliquid
505 3055 614 3110 faciens
635 3058 682 3111 vel
703 3059 899 3128 permittens.“
917 3090 951 3100 -
970 3056 1092 3126 Locum,
1110 3057 1158 3144 qui
1176 3057 1303 3127 sequitur

131 3139 158 3178 ν.
174 3123 191 3176 6
209 3140 279 3193 sqq,
302 3140 344 3176 sio
359 3123 566 3176 restituendum
586 3124 719 3178 arbitror:
742 3127 816 3193 πλὴν
836 3127 884 3182 ἐὰν
907 3125 1051 3196 δοκιμάσαι
1073 3147 1135 3181 τινα
1151 3123 1241 3188 ἄξιον,
1264 3123 1302 3186 ὠς

132 3191 219 3253 αὐτὸς
235 3195 356 3261 ἐκρίθην,
378 3189 394 3276 ἢ
411 3196 456 3246 κα1
469 3196 567 3247 πλεῖον
579 3191 744 3266 δοκιμάσας,
764 3193 836 3262 πλὴν
854 3193 904 3248 οὐκ
921 3195 1035 3249 ἔλαττον
1052 3196 1144 3249 ἔτεσιν
1160 3195 1201 3255 ἕξ,
1223 3191 1301 3248 τότε

132 3264 177 3328 τῷ
197 3256 280 3330 (eod.
294 3255 338 3310 (1.3
357 3279 430 3322 τοτε,
446 3257 507 3313 cod.
525 3255 563 3311 0:
582 3263 622 3330 τῷ
634 3259 674 3329 τε)
692 3261 801 3328 oritate?
814 3291 844 3300 -
864 3258 1028 3328 παραδώσω.
1064 3259 1121 3313 cfr.
1138 3279 1164 3328 p.
1181 3259 1207 3323 3,
1224 3261 1248 3311 7.
1264 3288 1298 3296 -

132 3325 211 3390 Quae
223 3344 249 3378 v.
262 3325 296 3378 10
307 3341 346 3404 sq.
360 3324 494 3396 leguntur
506 3325 606 3390 verba,
623 3325 718 3395 plura,
736 3343 820 3395 quam
832 3325 925 3380 adhuc
943 3325 1073 3380 arbitrati
1086 3332 1152 3379 sunt
1165 3325 1299 3390 editores,

131 3393 236 3447 menda
259 3397 414 3446 continent.
450 3393 591 3447 Videntur
606 3398 701 3446 autem
718 3393 767 3447 ita·
781 3410 844 3448 essa
871 3392 1051 3463 corrigenda:
1072 3393 1172 3461 Ἄλλῳ
1194 3391 1301 3463 (cedda

125 3459 236 3529 Ἄλλως)
249 3461 290 3522 δὲ,
304 3458 363 3514 οὐδ’
378 3458 412 3514 ἂν
425 3466 523 3515 τέκνον
535 3458 551 3534 ᾗ
564 3459 580 3529 ἢ
591 3460 714 3548 ἀδελφὸς
725 3459 742 3529 ἢ
754 3466 836 3533 φίλος
848 3459 864 3530 ἢ
880 3459 967 3520 ἄλλως
985 3459 1044 3532 ταώς
1060 3481 1129 3515 ποτε
1141 3464 1239 3530 γένους
1250 3480 1302 3529 μοι

131 3527 248 3596 ἀνήκων,
262 3525 362 3597 ἐάνπερ
374 3525 482 3589 ἀνάξιος
494 3525 510 3602 ᾖ
523 3530 619 3591 τοῦδε,
632 3550 670 3598 αη
682 3532 852 3602 μεταδοῦναι
861 3526 973 3608 χρεών
985 3527 1091 3590 (00de
1100 3523 1205 3599 χάριν),
1219 3526 1255 3586 ὡς
1268 3525 1301 3578 οὔ

133 3597 283 3665 προσῆκεν.
319 3593 443 3648 Verbum
456 3593 471 3664 ἢ
482 3599 549 3715 post
561 3583 730 3650 vocabulum
747 3603 845 3653 τέκνον
862 3594 1042 3649 moerendum
1059 3611 1136 3660 esse,
1155 3591 1228 3646 vidit
1241 3593 1302 3662 jam

133 3661 339 3732 Schweglerus.
357 3661 420 3734 Vox
430 3653 481 3717 τοῦ
500 3679 578 3718 enon
588 3679 650 3716 oum
662 3667 841 3738 μεταδοῦναι,
856 3662 908 3718 sed
920 3679 983 3717 cum
992 3661 1101 3725 ἀνάξιος
1113 3659 1303 3716 construenda

132 3734 184 3784 est.
205 3727 477 3808 Xpsoivsignificat:
498 3735 663 3800 „oportet-“3
677 3753 698 3785 π
719 3737 832 3801 oniaco:
847 3749 883 3799 „a
905 3736 964 3784 tum
977 3736 1030 3797 est,
1044 3731 1155 3810 deoet“.
1174 3729 1208 3783 In
1216 3727 1302 3807 verbo

133 3799 281 3917 npppripsg
294 3813 359 3916 ampi
372 3796 475 3916 rdopea
491 3753 754 3917 causafioffendeirat
767 3750 973 3880 Schwegierus.
1007 3798 1042 3883 Id
1058 3814 1195 3918 ipsurcnfpe
1218 3804 1304 3914 epum

132 3881 264 4001 diagi’str.
283 3867 1132 4011 ’.e20875nidedddirgtlddhidtfladiidltddilito‘iidmuffliddiius
1149 3881 1302 4010 piramidi

132 4003 211 4053 esset
232 3949 426 4078 Scdweglero,
448 4016 497 4068 qui
514 3999 644 4054 codicum
664 4001 830 4070 scripturam
851 4001 915 4073 μεθ’
935 4002 1036 4055 ἑαυτοῦ
1054 4003 1175 4052 mutavit
1196 4015 1225 4049 m
1241 3995 1300 4074 μετ’

131 4068 264 4141 ἐμαυτοῦ.
297 4064 393 4144 dimili
408 4066 565 4122 mutatione
583 4066 682 4121 Sohwe
704 4069 780 4146 larus
797 4068 926 4146 corrupit⁸
937 4067 1033 4145 potius
1046 4083 1128 4134 quam
1141 4063 1303 4143 emendant

132 4133 241 4199 locum,
257 4149 305 4202 qur
318 4138 363 4186 est
375 4153 401 4203 p.
411 4134 469 4200 139,
484 4136 524 4188 12.
543 4133 649 4188 Contra
660 4087 795 4204 piimmos
809 4136 899 4199 locos,
918 4151 949 4186 m
961 4133 1063 4203 qu1bus
1076 4132 1175 4186 eadam
1188 4129 1303 4184 dicendi

131 4200 207 4255 ratio
220 4199 372 4268 invenitur,
385 4201 509 4255 intactos
521 4201 697 4282 reliquerunt
711 4201 850 4254 duumviri
866 4199 951 4254 docti.
985 4201 1016 4254 Ρ.
1030 4199 1072 4266 17,
1086 4203 1099 4252 1
1118 4203 1175 4254 eto
1188 4204 1217 4253 et
1231 4200 1273 4264 23,
1285 4197 1303 4251 4

132 4266 224 4321 forma
236 4269 344 4324 ἑαυτῶν
355 4274 491 4338 usurpata
499 4275 639 4339 reperitur
649 4287 705 4348 pro
714 4269 793 4342 ὑμῶν
804 4269 903 4334 αὐτῶν,
916 4286 943 4338 p.
953 4267 996 4334 63,
1007 4266 1040 4320 14
1052 4267 1151 4323 ἑαυτὸν
1162 4283 1212 4337 pro
1225 4287 1302 4323 οταν·

135 4334 195 4400 τόν,
209 4353 236 4405 p.
252 4333 295 4400 74,
307 4335 325 4388 3
337 4339 442 4393 ἑαυτῶν
454 4353 504 4406 pro
517 4338 598 4411 ἡμῶν
609 4337 708 4402 αὐτῶν,
722 4336 830 4408 1284,ss
842 4335 957 4398 ἑαυτοὺς
968 4352 1018 4406 pro
1031 4334 1104 4408 ἡμᾶς
1114 4334 1220 4400 αὐτούς,
1234 4353 1260 4404 p.
1269 4332 1303 4387 94
