3126 4894
340 331 697 382 sucunnnsusuon.
711 333 1084 389 ousnrnunounns.
1237 318 1300 384 255

129 485 234 531 tomes:
247 479 376 550 φανερῶς
388 476 423 542 δή
433 500 485 552 μοι
497 477 687 544 ἀποκαλύψας,
703 479 858 533 secundum
869 480 957 534 verba
966 479 1166 534 Homiliarum:
1180 483 1313 556 ᾳανερὸς·

129 545 153 599 δ’
168 543 203 614 ἢν
212 566 263 616 μοι
277 545 479 623 ἀποναρκιῇοας,
498 545 570 600 corri
593 547 667 600 enda
679 555 708 600 et
719 547 757 600 ad
770 547 919 617 sequentia
932 545 1070 602 trahenda
1083 553 1157 600 sunt.
1169 579 1202 587 —
1220 549 1254 602 V.
1268 549 1301 602 10

127 631 167 682 sq.
184 613 246 692 cod.
264 563 592 692 orient3T1schen-dori
601 614 732 683 praebet:
757 619 804 680 τῆς
827 619 894 682 ζωῆς
903 613 1026 694 χρόνον,
1048 614 1089 668 ita
1106 619 1203 668 tamen
1221 621 1253 668 ut
1271 616 1300 670 iu

130 697 257 750 margine
287 679 463 749 adscriptum
492 685 544 733 sit:
568 703 611 752 γρ.
632 689 703 751 βίον.
739 681 817 762 Illud
841 681 993 763 flagitabat
1011 683 1072 750 jam
1095 681 1246 749 Davisius,
1271 683 1301 736 in

19 737 20 770 l
128 753 237 801 textum
259 747 370 816 recepit
394 746 637 802 Tischendorfius.
672 747 785 802 Summa
808 767 925 819 ruJur1a3
956 766 1125 819 quamquam
1141 749 1171 802 in
1194 750 1300 805 Homil.

127 815 165 882 II,
185 816 232 880 28,
247 832 275 884 p.
288 815 330 880 63,
348 815 374 880 5,
395 821 424 868 et
444 814 514 868 alibi
531 815 674 870 iuvenitur
690 821 799 870 testata
819 817 941 871 locutio:
967 819 1036 884 ζωῆς
1052 816 1164 889 χρόνος.
1200 817 1299 872 Dictio

130 885 197 952 ζωῆς
219 889 280 951 βίος
303 881 416 951 saepius
440 887 576 962 usurpata
602 883 742 952 reperitur
769 883 806 936 ad
828 883 905 938 vitae
932 890 1044 962 tempus
1071 883 1300 956 significandum.

126 949 265 1018 Exempla
277 948 425 1020 congessit
437 947 472 1004 G.
485 949 652 1004 D1ndorlius
666 951 696 1003 in
708 950 850 1004 Thesauri
862 951 1001 1022 Stephani
1014 951 1057 1004 ed.
1069 951 1158 1006 Paris.
1184 953 1246 1006 Vol.
1261 951 1299 1019 ΙΙ,
1317 993 1340 1020 ,.

126 1037 152 1088 p.
162 1017 258 1136 ggg’ss'
271 1035 297 1136 pt
309 1026 385 1136 Βόας.
414 1015 548 1138 Ξιέῐέἓοεῖο
560 1035 609 1104 prp
622 1019 637 1104 d
651 1021 682 1073 δὲ
693 1017 770 1087 Epit.
782 1019 883 1140 prippil,l
892 1020 955 1074 cod.
975 1019 1074 1138 orticnt.
1092 1019 1300 1102 Tischeudorf,

127 1102 318 1232 {laisla}
327 1103 413 1205 αι.10
424 1149 465 1232 ιι
473 1103 1300 1223 ,1111’ἑῖιοὶἰάἓὲιέἓάἓει111611ιὲθξῗὲἀάῗάἶά

127 1221 183 1273 lius
196 1236 233 1273 ex
245 1218 307 1272 cod.
321 1216 353 1274 Ο,
367 1224 490 1289 recep1t:
511 1219 544 1275 ui
556 1220 623 1276 ἀλλα
636 1229 747 1294 σημεῖα,
764 1220 832 1274 ferri
844 1222 922 1274 nullo
935 1225 1021 1291 pacto
1033 1226 1138 1290 potest.
1174 1219 1215 1274 At
1233 1221 1300 1274 seri·

128 1288 252 1342 bendum
271 1285 381 1340 forsan:
401 1286 482 1343 ἀλλά
499 1287 533 1345 τὰ
549 1297 655 1362 σημεῖα.
671 1319 705 1326 -
723 1287 756 1342 V.
771 1290 803 1342 16
816 1306 856 1358 sq.
870 1288 942 1342 haec
954 1289 1090 1358 leguntur
1103 1304 1117 1341 e
1131 1288 1212 1341 codd.
1227 1287 1257 1341 0.
1271 1293 1301 1341 et

128 1353 160 1408 Ο.
174 1354 267 1408 editat
287 1359 313 1410 sl
323 1352 362 1426 μὴ
376 1353 421 1408 ὅτι
432 1354 533 1426 αὔριόν
545 1376 572 1410 τι
584 1355 695 1410 ἀπαιτῶ
707 1355 894 1430 ὀφειλόμενόν
905 1378 970 1425 μοι,
983 1359 1011 1415 ἐξ
1019 1355 1070 1408 αὐτ
1078 1359 1104 1415 ’ς
1115 1355 1149 1409 ἀν
1162 1374 1205 1409 σοι
1218 1361 1299 1411 συνέ-

128 1428 223 1477 πλεον.
258 1420 337 1484 Quae
351 1421 420 1490 quin
433 1427 567 1494 corrupta
579 1423 651 1489 sint,
689 1421 798 1476 uamvis
816 1423 924 1475 nullum
937 1421 1059 1474 adhuco
1084 1421 1226 1486 auderint,
1243 1438 1300 1475 non

129 1489 242 1543 videtur
259 1488 386 1544 dubitari
408 1505 500 1559 posse.
536 1490 560 1543 E
586 1489 668 1544 codd.
712 1489 763 1559 pit.
781 1489 831 1542 Dr.
850 1489 957 1542 nullam
978 1487 1112 1542 lectionis
1132 1490 1300 1542 varietatem

130 1561 275 1612 enotatam
289 1556 414 1626 reperio,
451 1574 488 1610 ua
500 1557 565 1627 quis
582 1557 612 1610 in
624 1557 687 1610 loeo
706 1555 882 1610 emendando
899 1555 943 1608 uti
956 1555 1057 1625 possit,
1075 1555 1126 1608 sed
1136 1555 1212 1625 Epit.
1225 1556 1301 1626 prior

129 1625 265 1679 auxilium
277 1622 348 1689 fert,
367 1621 398 1680 C.
454 1624 484 1676 II
496 1624 568 1679 haec
580 1624 720 1694 praebens
733 1625 834 1678 verba:
854 1623 890 1684 ὡς
908 1629 932 1678 εἰ
949 1623 987 1697 μὴ
1006 1622 1104 1693 αὔριον
1121 1626 1236 1696 ἔμελλον
1253 1623 1300 1676 vel

128 1693 250 1763 ὤφειλον
265 1692 422 1758 ἀπαιτῆσαί
433 1714 458 1746 τι
472 1697 528 1748 τῶν
541 1695 732 1766 ὀφειλομένων
767 1713 801 1746 οι.
838 1690 951 1744 Clarum
970 1695 1015 1744 est
1034 1689 1120 1754 enim,
1138 1696 1203 1760 post
1220 1697 1244 1746 sl
1260 1692 1299 1763 μὴ

128 1758 323 1814 intercidisse:
343 1759 503 1831 ἔμελλον,
521 1777 604 1830 porro
617 1759 731 1814 scribon
753 1776 799 1812 um
809 1775 872 1813 esse
886 1763 948 1812 aut:
968 1781 993 1813 τι
1007 1757 1136 1814 ἀπαιτεῖν
1148 1759 1299 1833 ὀφειλόμε-

127 1827 176 1884 νόν
186 1849 251 1900 μοι,
265 1829 316 1879 aut
327 1857 361 1866 -
372 1826 403 1878 id
415 1827 491 1906 quod
501 1826 681 1897 probabilius
699 1827 813 1881 videtur
827 1844 876 1877 -τ
895 1848 926 1880 τι
939 1825 1129 1894 ἀπαιτῆσαι
1142 1831 1184 1880 rui
1190 1847 1206 1880 ν
1219 1826 1299 1896 ὀνει-

127 1899 255 1967 λομένων
290 1915 325 1948 οι.
349 1892 696 1966 Ambrgipotest,utrum
713 1893 887 1951 dudescde
905 1911 957 1947 sua
972 1898 1080 1947 motum
1098 1898 1127 1947 st
1144 1900 1250 1948 anteri
1285 1893 1299 1960 ὴ

130 1915 328 2041 collocandum
342 1963 393 2027 sit,
407 1962 449 2015 ita
460 1968 492 2014 ut
503 1979 549 2016 res
571 1962 676 2016 ondeat
688 1962 751 2016 voci
765 1963 813 2029 ὡς,
827 1978 899 2032 quae
912 1966 957 2015 est
969 1960 999 2014 in
1011 1961 1088 2031 Epit.
1100 1979 1154 2032 pr,
1173 1979 1209 2015 an
1226 1961 1256 2014 ni
1276 1961 1297 2014 il

128 2029 207 2084 ahud
220 2033 260 2080 srt
272 2045 356 2098 quam
369 2034 494 2082 extrema
506 1980 619 2099 syllaba
631 2030 710 2084 verbi
723 2032 846 2104 ἔμελλον.

192 2096 224 2149 P.
236 2097 278 2160 38,
292 2098 309 2149 3
321 2095 544 2165 coddEpitDr.
559 2095 589 2150 C.
596 2096 667 2151 XIV
676 2099 815 2167 praebent
827 2095 980 2168 genuinam
993 2095 1048 2149 scri
1070 2101 1175 2150 turam:
1188 2101 1233 2150 καὶ
1245 2096 1301 2151 did

127 2167 286 2227 δεκαπέντε,
297 2169 330 2216 ut
342 2163 403 2217 cod.
409 2163 573 2234 negasset
583 2163 659 2234 Epit.
665 2164 748 2234 prior.
756 2195 790 2204 -
800 2164 835 2220 V.
848 2166 865 2218 b
876 2163 1021 2216 in'iisdem
1033 2163 1055 2216 li
1077 2163 1116 2216 ris
1127 2181 1209 2217 mser.
1221 2168 1300 2218 reete

127 2231 279 2300 scriptum:
299 2237 445 2304 φανέντος,
457 2248 523 2301 pro:
543 2237 732 2303 εὶσφανένιος.
765 2233 930 2301 Importuna
941 2231 1117 2300 praepositio
1131 2237 1169 2292 εἰς
1181 2237 1243 2286 orta
1255 2237 1300 2285 est

126 2299 223 2354 forsan
247 2314 281 2351 ex
305 2297 419 2368 syllaba
437 2321 500 2360 -οις
524 2316 608 2369 supra
632 2298 762 2352 ultimam
785 2317 798 2350 s
822 2299 926 2352 llabam
947 2297 1146 2351 antecedentis
1167 2299 1300 2353 vocabuli

124 2367 247 2435 Ἰουδαίᾳ
261 2364 375 2436 scripta.
387 2397 422 2404 -
432 2365 479 2420 Ad
488 2385 512 2420 v.
524 2367 540 2420 9
553 2365 601 2420 cfr.
615 2366 711 2420 adnot.
725 2365 785 2419 aad
817 2367 868 2435 pit.
877 2365 978 2434 prioris
987 2362 1016 2418 O.
1024 2363 1095 2419 XIV
1103 2370 1132 2417 et
1163 2382 1216 2418 uae
1227 2365 1301 2420 infra

127 2432 353 2488 observabuntur
364 2433 439 2504 adp.
452 2435 495 2500 57,
507 2453 533 2487 v.
547 2435 571 2487 8.
584 2433 686 2496 -Qui
703 2452 728 2487 v.
744 2435 775 2486 13
788 2449 847 2502 sqq.
863 2432 970 2503 legitur
987 2431 1080 2498 loeus,
1099 2431 1129 2484 in
1144 2382 1221 2484 lianc
1240 2431 1299 2485 fere

127 2502 253 2571 speciem
265 2500 504 2570 redintegrandus
516 2501 645 2555 videtur:
657 2531 691 2540 -
704 2499 910 2573 ἐπηγγειλάμην
923 2518 976 2562 σοι,
991 2487 1179 2568 ᾦάπαύσιως,
1193 2497 1230 2559 ὡς
1239 2507 1299 2574 εἴσῃ

127 2571 156 2624 ἐκ
168 2566 357 2642 ταυιομὰτου,
378 2567 411 2623 ui
426 2567 495 2623 κατὰ
507 2571 538 2624 σὲ
554 2569 622 2624 καλὰ
642 2568 711 2624 ὅντα
727 2568 857 2638 introduc
873 2567 1040 2634 ἀντέβαλλον
1052 2569 1119 2619 cett.
1155 2565 1251 2620 Verba
1264 2568 1300 2629 ὡς

128 2643 187 2712 stop
201 2637 231 2689 br
243 2656 267 2689 τ.
280 2633 459 2706 significant:
480 2641 531 2702 „ut
543 2652 701 2706 cognosces
713 2635 815 2688 ultro“.
843 2632 927 2688 Certe
940 2649 1037 2686 verum
1054 2633 1185 2686 existimo
1202 2633 1299 2688 inven-

129 2709 201 2757 tum:
221 2708 290 2770 εἴση.
326 2702 408 2767 Quod
419 2703 495 2773 apud
506 2703 684 2757 Dresselium
702 2703 737 2756 de
750 2703 915 2783 conjectura
930 2717 982 2770 pro
1002 2699 1062 2778 cod:
1077 2698 1099 2752 0
1113 2703 1253 2770 scriptura
1265 2701 1301 2764 ὡς

128 2774 200 2827 sicot
217 2759 326 2823 editum
342 2771 495 2840 reperitur,
512 2770 549 2832 ὡς
561 2777 663 2837 εἴσιθι,
681 2769 788 2841 „igitur
803 2768 979 2840 ingrederc“,
997 2765 1063 2820 ferri
1077 2769 1138 2836 jam
1150 2785 1200 2837 pro
1221 2773 1300 2822 terea

128 2837 690 2960 3⁰¹¹tristati?idl‘istdtrri
703 2785 1299 2959 ⁸33⁶“iistittdistialdtt

128 2923 193 3028 tiaasti
209 2972 311 3052 rerba:
329 2924 634 3052 delatrilltpwear
651 2923 798 3029 καῖοὶδεῖά1
814 2991 856 3037 σε,
881 2971 943 3026 sinc
962 2943 1063 3048 caussa
1083 2986 1101 3023 a
1118 2968 1299 3050 Schweglero

128 3057 190 3095 csse
209 3059 240 3092 1n
258 3057 449 3109 suspicionem
467 3045 583 3106 vocata,
607 3058 655 3094 vix
672 3057 743 3110 opus
761 3045 839 3094 esset
856 3055 983 3104 monere,
1001 3037 1206 3107 n1s1llprtome
1224 3055 1300 3109 pnor

127 3124 226 3162 revera
239 3107 376 3177 scriptum
387 3108 552 3176 praeberet:
570 3113 616 3162 καὶ
627 3107 720 3163 αὐτὸν.
738 3107 821 3160 Dicit
834 3107 967 3178 scriptor,
984 3104 1100 3158 Petrum
1115 3123 1172 3159 non
1186 3121 1219 3160 ac
1240 3105 1299 3160 uie-

129 3192 206 3296 spere
224 3175 319 3293 indeo,
338 3175 414 3244 quod
432 3174 467 3229 de
485 3173 634 3228 Clemente
646 3174 697 3228 illa
709 3173 863 3240 audiverit,
885 3175 936 3228 sed
954 3172 1086 3228 ardenter
1104 3189 1206 3244 cupere
1221 3123 1299 3227 lunc

129 3257 331 3297 eiamv1erc.

198 3309 230 3363 P.
243 3309 286 3374 39,
304 3312 314 3360 1
329 3308 428 3362 neseio
437 3325 475 3362 an
485 3307 667 3362 scribendum
677 3306 729 3359 sit:
747 3307 777 3362 Ὁ
789 3308 821 3360 δὲ
833 3305 939 3387 ἀγαθὸς
950 3315 982 3361 Π
984 3311 1017 3360 ἐι
1046 3328 1082 3367 ος
1094 3305 1298 3374 προσπηδήσας

129 3381 195 3431 cett.
221 3375 277 3429 err.
290 3375 386 3430 adnot.
399 3375 436 3430 ad
447 3395 476 3446 p.
487 3377 530 3442 40,
543 3377 565 3430 8.
578 3408 612 3415 -
629 3375 662 3429 V.
676 3376 692 3428 2
705 3373 787 3428 codd.
798 3373 876 3443 Eprt.
888 3372 938 3425 Dr.
957 3325 1096 3441 praeirent
1112 3376 1297 3440 καθεσθῆναι,

128 3451 159 3498 ut
171 3443 233 3498 cod.
247 3442 277 3496 C.
313 3443 379 3498 Non
390 3443 496 3513 liquet,
510 3461 565 3513 quo
574 3445 637 3513 jure
651 3441 849 3512 Schweglerus
863 3440 942 3494 illam
956 3439 1125 3510 scripturam
1137 3444 1167 3492 et
1178 3438 1297 3517 Dresse-

128 3512 183 3565 lius
196 3510 365 3580 scripturam
377 3513 581 3582 ἔγκαθεσθῆναι
595 3511 624 3564 in
636 3514 807 3578 καθεσθῆναι
822 3514 852 3563 et
863 3511 1064 3581 ἐγκαθισθῆναι
1073 3511 1251 3560 mutavcrrut.
1264 3537 1298 3546 —

128 3578 162 3635 V.
174 3581 191 3634 5
203 3577 290 3663 iidem
308 3577 375 3663 liubri
392 3595 472 3631 mser.
491 3577 532 3631 ita
549 3578 684 3646 scriptum
703 3575 908 3656 exhibeutsuir
924 3576 976 3648 γὰρ
995 3575 1030 3630 σὺ
1048 3574 1097 3630 τὸν
1110 3573 1298 3692 τῆςάληθεέιᾶς

127 3644 1010 3794 strueremus.remetiatur
1027 3642 1298 3784 λλιοννι

127 3783 230 3843 καλῶν,
247 3779 347 3835 ἀϊδίων
364 3785 431 3832 cett.
466 3778 504 3832 Et
517 3779 558 3832 sic
576 3779 763 3844 scribendum,
776 3785 835 3846 cst,
853 3783 998 3848 assumpto
1014 3783 1112 3832 tamen
1128 3794 1162 3830 ex
1179 3776 1233 3831 eod
1255 3773 1297 3829 ,0

128 3853 157 3901 ct
170 3846 192 3900 O
205 3846 345 3901 vocabulo
362 3853 440 3916 λέγω.
456 3879 491 3886 -
507 3846 598 3900 Iidem
612 3847 678 3901 libri
691 3865 716 3899 v.
729 3849 754 3913 9,
767 3852 800 3900 ut
811 3846 944 3916 Epitome
956 3845 1045 3915 prior,
1062 3862 1113 3914 pro
1126 3844 1298 3914 ἀναβάλλειν

127 3914 290 3985 porrigunt:
309 3913 494 3982 ἀναβάλλων,
508 3917 537 3966 et
549 3932 573 3966 v.
588 3914 635 3968 10:
655 3913 820 3985 ἀπήγγειλλε
832 3931 882 3984 pro
894 3913 1037 3982 ἀντέβαλε,
1055 3928 1127 3992 quae
1145 3911 1239 3964 variae
1257 3910 1296 3962 le·

128 3983 238 4036 ctiones
254 3979 375 4034 maxime
387 3982 510 4051 placent.
540 3979 598 4034 Sed
609 3983 737 4049 ἀντέβαλε
751 3997 805 4050 ego
817 3987 925 4034 mutare
938 3997 995 4032 non
1006 3996 1105 4032 ausim.
1118 4009 1155 4054 -7
1163 3976 1197 4030 V.
1211 3978 1242 4029 16
1256 3992 1296 4044 sq.

127 4049 157 4102 in
171 4048 267 4102 verbis
287 4047 323 4110 ὡς
339 4054 384 4106 ἵνα
401 4048 486 4100 simul
522 4047 605 4101 ositis
622 4064 726 4102 novum
743 4063 899 4127 agnoscere
917 4052 962 4099 est
975 4041 1192 4115 dissographrac
1205 4058 1296 4096 exem·

127 4118 213 4188 plum.
242 4113 418 4169 Alterutrum
430 4065 601 4168 voealulum
612 4115 660 4168 bie
674 4119 703 4168 et
715 4113 791 4184 Eprt.
803 4133 843 4198 pr.
857 4113 886 4167 0.
900 4111 972 4166 XVI
985 4117 1030 4164 est
1042 4109 1203 4188 delendum.

193 4183 225 4238 P.
237 4184 281 4250 40,
296 4184 310 4235 1
324 4183 385 4237 cod.
398 4182 432 4236 V.
445 4181 522 4252 Epit.
540 4181 590 4237 Dr.
608 4181 743 4253 porrigit:
763 4185 817 4251 ἐγω
837 4184 867 4236 δὲ
885 4182 988 4249 ἔλεγον.
1025 4179 1107 4232 Hanc
1129 4181 1296 4246 scripturam

128 4250 259 4305 haustam
271 4267 335 4304 esse
352 4266 387 4304 ex
401 4249 571 4320 archetypo,
586 4250 662 4320 quod
673 4267 730 4303 non
743 4247 901 4302 contineret
913 4262 1082 4324 praegressa
1094 4243 1194 4298 verba:
1214 4253 1243 4300 K
1247 4243 1254 4264 ²
1275 4243 1296 4298 ui

128 4317 414 4391 ἔξεθέμην-γράφα,
423 4317 638 4389 liqueteprit.
651 4317 734 4388 prior.
747 4313 777 4370 0.
791 4315 870 4370 XVI.
890 4313 966 4385 Ergo
977 4313 1089 4384 quprt.
1098 4309 1217 4368 alterc.
