3126 4894
554 296 710 348 eunoun
727 297 870 346 saraae.
1237 283 1298 346 145

118 443 232 498 veniam
251 442 393 514 accipiat,
415 441 482 512 quia
500 442 575 496 malo
592 441 711 496 facinori
733 443 958 498 adiurameutum
976 445 1151 515 praetulerit.
1186 446 1294 511 Quibus

118 512 169 634 {lale
189 511 317 578 auditis,
334 511 376 564 ira
392 511 519 581 percitus
538 517 655 564 mortem
674 511 756 564 nobis
774 512 897 566 minatus
916 520 974 578 est,
995 513 1051 565 nisi
1073 531 1144 584 quae
1166 523 1295 586 gesserat

150 597 291 634 caremus.

189 646 334 699 XXXIII.
370 645 428 700 Ubi
440 644 546 715 Aquila
557 645 629 700 haec
642 645 727 712 dixit,
741 663 795 717 ego
808 645 940 701 Clemens
952 647 1139 720 interrogavi,
1176 667 1295 704 uaenam

119 722 219 769 essent
245 714 398 780 miracula,
423 731 495 793 quae
516 713 632 768 faceret.
668 713 717 766 Illi
738 731 805 768 vero
825 715 1030 784 responderunt
1051 715 1133 768 mihi:
1185 717 1244 772 acit
1264 725 1295 771 ut

120 789 235 837 statuae
250 781 412 847 ambulent,
426 800 455 834 111
468 781 535 853 igue
548 781 680 836 volutans
695 798 724 835 se
738 799 794 834 non
806 783 911 850 uritur,
924 783 1064 836 interdum
1076 785 1163 851 volat,
1178 802 1212 838 ex
1224 786 1294 856 lapi·

119 851 205 904 dibus
215 867 308 920 panes
317 849 402 916 facit,
417 866 532 918 serpens
545 848 587 916 fit,
601 849 631 902 in
647 867 760 919 capram
774 849 1003 916 transformatur,
1018 851 1088 905 duas
1101 851 1191 906 facies
1201 859 1294 907 osteu-

119 919 171 984 dit,
191 918 222 970 in
235 935 334 970 aurum
354 917 540 984 convertitur,
558 923 655 986 portas
672 917 802 972 occlusas
818 935 834 971 a
856 918 923 984 erit,
941 918 1044 972 ferrum
1063 920 1162 986 solvit,
1181 920 1210 974 in
1230 939 1294 975 con·

119 987 205 1039 viviis
229 985 383 1038 simulacra
403 983 553 1038 formarum
575 985 756 1056 omnigenum
778 985 842 1038 exhi
865 992 909 1052 et3
933 985 1004 1040 facit
1021 994 1052 1040 ut
1073 987 1102 1040 in
1124 988 1205 1041 domo
1226 1005 1295 1044 vasa

119 1059 222 1124 sponte
247 1052 316 1106 ferri
337 1053 374 1106 ad
392 1051 580 1106 ministerium
600 1052 765 1119 videantur,
787 1071 840 1107 nec
862 1060 1012 1108 cernantur
1032 1055 1081 1124 qui
1098 1055 1198 1108 ferunt.
1234 1056 1296 1110 Ista

117 1126 311 1176 memorantes
332 1119 452 1174 audiens
470 1119 598 1173 mirabar.
636 1119 831 1176 Testabantur
850 1127 945 1176 autem
962 1122 1033 1176 talia
1055 1140 1085 1176 se
1105 1123 1211 1178 vidisse
1229 1123 1294 1194 ipsi,

118 1191 167 1260 qui
180 1189 310 1242 aderant.

185 1255 329 1310 XXXIV.
354 1255 408 1307 His
422 1254 462 1308 ita
475 1255 622 1320 enarratis,
635 1254 715 1308 venit
728 1255 891 1310 Zacchaeus
905 1257 1017 1310 dicens:
1030 1256 1090 1310 Iam
1103 1275 1187 1324 nunc,
1200 1259 1294 1325 Patre,

117 1331 233 1394 tempus
247 1329 308 1390 est,
325 1328 358 1376 ut
376 1339 459 1376 exeas
477 1323 513 1375 ad
526 1322 729 1378 disserendum.
763 1323 856 1378 Multa
870 1325 944 1377 enim
956 1325 1040 1378 turba
1052 1325 1082 1377 in
1094 1325 1166 1378 atrio
1179 1343 1295 1396 congre-

118 1400 188 1464 gata
201 1391 331 1462 operitur
342 1397 387 1456 te,
405 1389 435 1442 in
448 1390 528 1443 cuius
541 1389 634 1444 medio
647 1396 783 1460 tanquam
794 1391 866 1445 belli
879 1392 934 1444 dux
947 1392 982 1446 ab
996 1392 1094 1445 eadem
1103 1398 1248 1462 protectus
1261 1411 1295 1448 ac

118 1461 245 1530 stipatus
259 1459 392 1513 constitit
405 1457 509 1512 Simon.
540 1457 601 1521 Quo
614 1458 712 1512 audito
724 1459 826 1512 Petrus
839 1458 975 1512 orationis
992 1459 1086 1530 gratia
1103 1460 1236 1513 secedere
1249 1477 1293 1514 me

117 1528 219 1594 iussit,
237 1527 288 1597 qui
308 1526 432 1580 nondum
451 1543 615 1595 acceperam
635 1526 736 1579 salutis
752 1526 908 1596 baptisma,
933 1531 962 1580 et
980 1526 1036 1580 iam
1052 1526 1189 1596 perfectis
1207 1527 1291 1585 dixit:

118 1595 275 1667 Surgamus
289 1600 374 1664 atque
388 1610 510 1659 oremus,
524 1599 556 1646 ut
568 1592 648 1646 Deus
660 1611 710 1663 pro
725 1593 783 1648 suis
795 1593 941 1664 perpetuis
954 1593 1183 1649 miserationibus
1202 1613 1218 1648 o
1240 1597 1293 1648 itu-

117 1665 193 1718 letur
205 1663 292 1728 mihi,
309 1661 358 1732 qui
375 1661 481 1730 prodeo
497 1661 533 1714 ob
551 1661 673 1714 salutem
688 1661 832 1715 hominum
851 1679 920 1730 quos
934 1662 1048 1715 creavit.
1085 1661 1194 1726 Quibus
1227 1663 1293 1716 ictis

117 1731 254 1800 factaque
272 1730 415 1795 oratioue,
437 1728 507 1782 exiit
524 1729 554 1782 in
570 1728 635 1782 atrii
655 1729 748 1783 locum
766 1729 926 1783 subdialem
943 1735 972 1783 et
985 1747 1127 1801 magnum,
1143 1745 1197 1798 quo
1210 1730 1293 1783 multi

118 1804 314 1854 convenerant
331 1796 466 1850 audiendi
485 1813 584 1863 causa,
605 1813 670 1850 nam
688 1797 749 1850 eius
769 1796 926 1867 disputatio
939 1797 1060 1863 fecerat,
1079 1804 1111 1850 ut
1124 1797 1292 1868 diligentius

117 1867 293 1920 festinarent
306 1865 343 1918 ad
355 1863 512 1918 audiendos
525 1864 586 1917 eius
600 1881 749 1918 sermones.
769 1863 854 1919 Stans
867 1881 935 1936 ergo
946 1882 1119 1935 cernensque
1132 1866 1293 1919 universum

117 1935 256 2005 populum
283 1949 390 1985 summo
416 1949 479 1984 cum
503 1930 619 1984 silentio
644 1933 741 1985 oculos
765 1933 795 1986 in
817 1933 909 2002 ipsum
932 1933 1072 1988 coniicere
1093 1949 1127 1987 ec
1153 1933 1293 1988 Simonem

118 2020 234 2074 magum
246 2001 278 2053 in
289 2000 414 2053 medium
428 1999 609 2064 collocatum,
623 1997 698 2060 hunc
713 1999 742 2053 in
754 2001 867 2054 modum
879 2000 958 2080 loqui
971 2001 1079 2070 coepit:

186 2068 312 2122 XXXV.
335 2068 395 2120 Pax
408 2068 446 2119 sit
457 2066 588 2120 omnibus
600 2067 691 2133 vobis,
706 2068 753 2137 qui
765 2067 858 2138 parati
871 2073 941 2122 estrs
955 2068 1086 2122 dexteras
1100 2068 1166 2122 dare
1179 2068 1293 2122 veritati

118 2137 185 2203 Dei,
198 2155 299 2258 quam,
316 2153 451 2206 magnum
467 2151 568 2214 nempe
586 2151 619 2188 ac
636 2134 857 2205 incomparabile
877 2136 938 2190 eius
956 2154 1056 2189 munus
1069 2136 1098 2189 in
1110 2135 1165 2190 hoc
1178 2136 1292 2202 mundo,

118 2212 149 2258 ut
167 2223 200 2258 sa
215 2203 354 2258 utationis
374 2219 460 2256 causa
478 2201 558 2255 vobis
578 2208 644 2256 ante
663 2220 805 2256 sermones
828 2203 973 2258 doctrinae
993 2204 1197 2270 acclamamus,
1214 2221 1292 2274 prae-

119 2273 196 2353 cepit
214 2271 300 2326 nobis
318 2269 366 2340 qui
383 2269 462 2322 misit
479 2287 530 2322 uos
549 2269 678 2322 dominus
694 2269 775 2323 Iesus
789 2267 931 2335 Christus,
952 2269 1029 2323 filius
1042 2271 1099 2324 Dei
1110 2271 1184 2338 vivi,
1201 2289 1255 2340 quo
1269 2272 1293 2324 si

118 2340 224 2410 ahquis
237 2341 374 2392 intervos
388 2338 426 2390 sit
438 2335 515 2391 filius
527 2337 623 2406 pacis,
640 2355 691 2406 per
703 2337 859 2392 doctrinam
872 2343 997 2391 nostram
1009 2356 1064 2407 pax
1077 2355 1140 2391 eum
1154 2339 1292 2408 complec-

117 2415 210 2475 tatur3
229 2409 255 2460 si
268 2407 331 2476 quis
343 2412 440 2459 autem
451 2409 576 2458 vestrum
589 2421 651 2458 cam
668 2405 731 2459 acci
753 2421 798 2458 ere
811 2405 897 2470 nolit,
911 2411 979 2458 tune
992 2422 1043 2458 nos
1057 2421 1175 2458 excusso
1188 2405 1291 2474 pedum

117 2483 280 2531 nostrorum
290 2474 407 2554 pulvere
420 2472 449 2526 in
462 2472 659 2526 testimonium
672 2473 708 2525 ad
721 2424 839 2525 aiiorum
852 2472 948 2524 domos
959 2489 992 2524 ac
1006 2471 1139 2524 civitates
1149 2471 1291 2525 abeamus.

117 2543 161 2598 Ac
179 2560 248 2598 vere
269 2541 389 2595 drcimus
405 2541 502 2594 vobis:
522 2539 713 2594 Tolerabilius
732 2539 786 2592 erit
804 2539 834 2591 in
852 2539 898 2592 die
920 2537 1020 2592 iudicii
1038 2555 1151 2592 manere
1168 2538 1197 2590 in
1218 2543 1292 2592 terra

118 2612 305 2667 Sodomorum
322 2615 351 2662 et
369 2608 556 2674 Gomorrhae,
576 2624 660 2677 quam
681 2607 711 2660 in
729 2607 792 2660 loco
813 2605 1036 2660 incredulitatis:
1058 2605 1291 2675 primoquidem,

118 2679 186 2750 quia
217 2678 277 2732 uod
292 2676 397 2731 rationi
417 2675 563 2742 convenit,
577 2692 611 2728 ex
623 2675 705 2728 vobis
717 2692 774 2728 non
791 2673 989 2740 intellexistis,
1010 2672 1146 2738 secundo,
1159 2673 1290 2742 quoniam

118 2765 182 2802 cum
198 2697 241 2800 (de
263 2745 346 2798 nobis
368 2743 536 2809 audissetis,
558 2760 615 2796 non
634 2743 755 2796 venistis
775 2742 811 2796 ad
827 2759 892 2808 nos,
916 2741 1015 2807 tertio,
1038 2740 1105 2810 quia
1122 2740 1209 2794 etiam
1229 2757 1290 2793 cum

118 2816 314 2879 venissemus,
331 2812 413 2866 nobis
432 2829 488 2864 non
509 2811 680 2864 credidistis.
717 2811 809 2874 Quare
827 2807 1023 2880 gratificantes
1040 2808 1122 2862 vobis
1140 2809 1215 2862 ultro
1232 2825 1291 2862 ora-

118 2902 196 2950 mus,
215 2887 248 2935 ut
262 2899 318 2960 pax
330 2885 428 2934 nostra
439 2879 536 2932 veniat
549 2895 633 2948 super
649 2896 706 2932 vos.
743 2875 773 2931 Si
786 2895 853 2948 ergo
866 2894 927 2931 eam
939 2876 1044 2931 habere
1061 2876 1163 2942 vultis,
1180 2880 1292 2997 oportet

118 2970 169 3006 vos
182 2951 274 3004 alacri
286 2948 380 3002 animo
394 2963 534 3000 sermones
548 2963 625 3000 meos
638 2946 799 3000 auscultare
813 2952 842 2999 et
855 2963 917 2999 cum
928 2944 1139 3015 intelligentiae
1150 2945 1194 2998 cal
1208 2943 1290 3010 eatis,

118 3020 225 3074 bonum
244 3017 411 3070 adamantes
428 3015 517 3068 vitam
534 3013 597 3066 Deo
614 3014 776 3083 placentem
794 3013 943 3083 amplecti,
967 3019 999 3064 ut
1016 3014 1065 3082 pia
1081 3013 1211 3082 iustaque
1231 3012 1292 3065 vita

119 3090 277 3150 transacta,
291 3088 418 3137 amantes
431 3082 525 3136 Deum
537 3087 566 3135 et
583 3081 619 3134 ab
632 3081 694 3150 ipso
707 3081 804 3147 amati,
818 3087 994 3134 aeternorum
1006 3081 1141 3134 bonorum
1154 3079 1291 3134 haeredes

120 3155 192 3208 sitis.
228 3151 309 3205 Illud
327 3151 402 3204 enim
421 3150 483 3220 ipse
502 3150 577 3202 solus
590 3147 710 3202 maxime
718 3154 819 3228 potest
832 3155 990 3217 praestare,
1009 3149 1057 3216 qui
1070 3165 1126 3201 non
1139 3147 1291 3200 existentia

120 3222 157 3276 ad
169 3219 354 3276 existentiam
367 3217 495 3283 adduxit,
509 3217 618 3270 caelum
632 3223 752 3282 creavrt,
769 3221 873 3268 terram
886 3215 1039 3284 compegit,
1052 3231 1127 3268 mare
1142 3214 1291 3277 conclusit,

121 3307 193 3358 quae
206 3289 238 3340 in
250 3286 349 3340 inferis
363 3291 428 3338 sunt
440 3284 614 3350 recondidit,
635 3289 793 3352 cunctaque
806 3281 928 3360 replevit
940 3283 1013 3332 altre.
1049 3281 1105 3333 Hic
1118 3281 1195 3333 solus
1208 3297 1290 3331 unam

121 3375 154 3410 ac
166 3356 288 3427 primam
302 3353 492 3406 substantiam
508 3369 565 3404 non
578 3351 748 3404 existentem
765 3349 795 3401 in
807 3347 989 3402 ex1stentiam
1001 3347 1159 3415 producens
1172 3345 1290 3413 quadru-

122 3425 240 3494 pliciter
252 3429 282 3476 et
295 3421 434 3476 contrarie
448 3419 603 3474 convertit:
622 3436 655 3472 ae
669 3416 772 3472 deinde
786 3414 972 3470 commiscens
989 3413 1068 3466 mille
1081 3412 1147 3464 inde
1159 3411 1291 3480 produxit

120 3492 226 3557 mixta,
247 3507 304 3560 quo
325 3487 480 3544 contrarias
501 3486 531 3540 in
548 3491 664 3542 naturas
682 3489 808 3539 mutatae
828 3499 862 3536 ac
878 3479 1035 3553 permixtae
1052 3496 1097 3536 res
1119 3479 1206 3532 vitam
1228 3495 1291 3531 cum

173 3715 234 3780 Cap.
254 3713 378 3763 XXXIII.
420 3709 445 3778 1)
472 3713 533 3762 τίνα
555 3711 629 3759 Ηοιιι.
652 3710 687 3772 11,
730 3687 779 3761 Ιἐπὶ
797 3704 829 3759 τὸ
849 3701 984 3758 σπεύδειν
1007 3706 1057 3758 τοῦ
1073 3701 1184 3758 ἀκούειν
1201 3717 1291 3755 σπου-

121 3780 163 3832 32.
174 3810 209 3818 -
225 3777 253 3848 2)
267 3782 381 3832 πέτεται
395 3781 423 3829 0.
442 3805 475 3814 -
492 3773 520 3844 3)
537 3779 687 3846 παρίστησι
730 3777 893 3845 δαιοτέρους
907 3777 1101 3839 πεποιηκυίας.

123 3852 143 3901 0

174 3917 234 3982 Cap.
258 3915 381 3968 XXXIV.
425 3909 452 3980 1)
486 3908 559 3964 οὕτω
593 3913 621 3960 O.
653 3939 688 3947 —
781 3911 840 3976 Gap.
865 3910 975 3960 XXXV.
1017 3906 1041 3971 l)
1073 3903 1228 3976 pauperiores
1261 3906 1290 3954 Ο.

122 3980 150 4052 2)
171 3969 218 4048 ἧκε
237 3984 267 4032 0.
291 4009 324 4017 -
347 3979 375 4049 3)
397 3977 433 4039 ὡς
452 3975 538 4064 μήπω
560 3973 686 4047 εἰληφότι
729 3979 817 4028 Matth.
838 3974 879 4040 10,
901 3974 932 4025 12
950 3992 1004 4040 sqq.
1031 3977 1108 4024 Marc.
1126 3971 1154 4034 6,
1172 3971 1211 4022 ll.
1228 3971 1290 4020 Luc.

122 4053 199 4101 Hom.
211 4051 259 4112 111,
276 4047 318 4099 29.
336 4077 371 4086 —
390 4044 416 4110 4)
436 4067 468 4099 ro
486 4048 535 4098 des.
554 4047 588 4096 in.
607 4047 635 4096 O.
653 4073 686 4082 -
729 4043 769 4106 10,
786 4043 809 4094 5.
827 4072 859 4080 -
881 4039 908 4110 2)
927 4043 1005 4094 ἐστὶν
1022 4043 1053 4091 V.
1079 4067 1111 4074 -
1136 4035 1164 4106 3)
1190 4039 1219 4088 In
1236 4037 1290 4085 loco

123 4116 150 4185 5)
169 4121 215 4170 καὶ
235 4118 287 4167 des.
310 4117 337 4166 in
354 4119 386 4169 V.
411 4144 446 4152 -
465 4111 492 4182 6)
511 4115 552 4164 Sic
567 4113 637 4162 loeus
659 4113 686 4161 in
728 4127 781 4160 voc.
801 4111 984 4176 ἐνδιατρίβειν
1005 4114 1042 4157 est
1058 4107 1148 4155 lacuna
1163 4108 1190 4156 in
1207 4105 1236 4153 0.
1257 4129 1291 4137 -

122 4191 180 4235 utro
198 4201 229 4235 ne
240 4185 288 4234 Ms.
301 4201 404 4235 mancus
414 4183 560 4234 reficiendus
569 4179 600 4231 'ex
610 4181 684 4230 Hom.
728 4175 744 4226 4
769 4174 899 4242 ἐνοήσατε
912 4178 943 4226 V.
961 4202 994 4210 -
1011 4173 1036 4234 5)
1050 4169 1082 4222 τὸ
1094 4173 1163 4223 deest
1176 4173 1204 4222 iu
1217 4171 1245 4220 0.
1258 4197 1290 4206 -

124 4253 171 4316 111,
220 4245 687 4322 ,ubiestzracoaeaaptssecav’wt
728 4241 973 4305 trofaeo-7)
987 4237 1019 4292 τὸ
1033 4235 1147 4298 V.—8l
1162 4234 1289 4297 leucari-

1114 4342 1138 4381 10
