3162 4900
384 345 429 394 111
444 341 734 395 11111111111111.
749 343 842 399 cuna
855 347 1120 399 111111111111.
1274 335 1334 400 267

157 493 310 560 mentior).
343 490 514 560 Saepissime
538 490 676 558 interpres
703 489 809 544 latinus
834 491 933 545 cadem
958 493 1020 562 ipsa
1043 493 1130 548 verba
1172 513 1219 549 rae
1243 497 1335 550 oculis

157 559 276 628 habuit,
290 577 362 628 quae
379 559 410 612 in
422 557 556 611 Homiliis
573 556 769 634 inveniuntur3
792 575 1000 628 nonnumquam
1013 561 1042 613 in
1061 515 1213 632 exemplari
1231 581 1334 634 graece

158 627 276 746 scripto,
290 644 346 696 quo
359 625 501 691 utebatur,
509 622 618 693 aliqurd
627 629 676 675 aut
689 625 833 678 exciderat
843 627 958 680 autulio
968 629 1091 696 positum
1104 630 1167 682 loco
1177 636 1227 683 aut
1239 631 1334 684 verbis

180 712 218 749 au
231 695 259 748 lo
271 693 389 747 diversis
403 695 649 762 expressumerat
673 689 775 745 Fuisse
789 695 884 745 autem
901 694 1002 747 saltem
1014 702 1124 764 partem
1137 713 1248 762 eorum,
1263 715 1334 766 quae

158 713 297 832 leguntur
306 761 336 812 in
347 759 500 830 Recognit.
513 759 549 824 X,
557 759 598 825 21,
611 759 697 810 etiam
707 758 895 812 Homiliarum
906 761 935 813 in
945 761 1108 831 archetypo,
1123 765 1218 818 elucet
1231 780 1265 816 ex
1276 781 1334 818 ver-

158 829 207 882 bis
221 828 304 882 Hom.
314 827 350 895 V,
358 826 390 880 14
401 826 504 896 positis
513 825 607 878 hisce:
621 831 665 879 καὶ
677 825 770 886 ἄλλαις
781 831 896 888 πολλαῖς
907 836 952 882 καὶ
963 831 1027 898 δίχα
1035 831 1281 906 μεταμορφώσεως
1288 839 1334 904 μί-

158 916 268 968 γνυται,
289 896 368 964 ζῆλοι)
386 898 441 949 τῶν
453 893 564 965 ἀνδρῶν
578 892 627 946 οὐκ
645 892 767 963 ἐχόντων
780 893 816 953 ὡς
828 895 871 965 ἐφ’
888 895 1023 968 ἁμαρτίᾳ,
1043 898 1097 950 ἀλλ’
1113 895 1142 952 εὖ
1159 897 1277 954 εἰδότων
1290 898 1334 953 ὅτι

158 962 297 1034 &medrus
313 971 371 1024 ταῖς
389 965 517 1032 γυναιξὶν
535 960 627 1014 αὐτῶν
641 963 783 1015 κοινωνῶν
796 965 895 1046 peruri,
905 962 1094 1047 χαριζόμενος
1108 965 1202 1026 αὐτοῖς
1218 964 1334 1036 ‘Eparia

153 1029 337 1091 Ἀπόλλωνας,
352 1027 518 1092 Διονύσους,
528 1027 718 1098 Ἐνδυμίωνας
729 1033 774 1082 καὶ
793 1027 877 1090 ὅσους
894 1029 992 1091 ἄλλους
1008 1030 1168 1107 εἰρήκαμεν,
1189 1036 1218 1086 ἐκ
1234 1037 1335 1114 μίξεως

159 1098 250 1151 αὐτοῦ
266 1095 356 1151 κάλλει
373 1093 638 1166 dinumeraturum.
675 1095 782 1147 Matres
795 1096 938 1163 Mercurii,
950 1095 976 1148 A
999 1098 1104 1164 ellinis,
1118 1099 1305 1168 Endymionis
1318 1117 1335 1152 a

158 1163 235 1218 Jove
246 1163 362 1216 vitiatae
371 1165 437 1215 dum
448 1167 476 1216 in
486 1160 620 1214 Homiliis
632 1177 689 1213 non
703 1169 964 1230 commemorantur,
977 1116 1048 1220 llaec
1061 1167 1157 1234 legere
1170 1171 1214 1218 est
1227 1167 1256 1219 in
1266 1166 1333 1220 Rec.

159 1229 192 1284 C.
203 1249 237 1284 c.:
248 1229 450 1296 „Phoenissam
457 1227 648 1297 Alphionis**)
657 1226 703 1299 [du
725 1229 1334 1302 111111111111,111111111111111111111111111111ιι

159 1303 192 1351 et
205 1297 371 1363 „Latonam
386 1313 420 1350 ex
432 1313 488 1366 qua
500 1296 625 1373 nascitur
636 1247 741 1364 Apollo
755 1301 783 1349 et
795 1296 909 1350 Diana“
928 1304 956 1350 et
973 1297 1159 1369 „Taygetem
1179 1299 1332 1360 Electram,

161 1364 279 1434 Majam,
291 1363 570 1424 Plutiden,Atlant1s
581 1361 665 1427 filias,
673 1379 707 1416 ex
717 1363 819 1431 quibus
829 1364 929 1434 genuit
939 1379 973 1416 ex
980 1364 1111 1435 Taygete
1122 1366 1237 1434 quidem
1244 1365 1333 1420 Lace·

160 1432 337 1496 daemonem,
348 1447 382 1484 ex
391 1431 506 1485 Electra
514 1429 688 1497 Dardanum,
702 1447 741 1482 ex
754 1431 784 1482 M
793 1433 848 1498 aja
860 1429 1077 1498 Mercurium,
1091 1449 1125 1484 ex
1134 1433 1248 1486 Plutide
1259 1433 1333 1486 Tan-

159 1499 279 1552 talum“.
300 1498 406 1551 Contra
419 1515 464 1566 ea,
484 1513 556 1566 quae
568 1496 720 1566 Recognit.
739 1495 769 1550 C.
783 1497 815 1548 21
829 1499 903 1549 1122
916 1498 1109 1564 continentur,
1123 1515 1157 1552 cx
1170 1499 1226 1552 alia
1239 1501 1285 1552 vel
1298 1517 1332 1553 ex

161 1565 227 1619 aliis
239 1565 453 1618 recensionibus
465 1565 569 1618 hausta
581 1563 715 1616 videntur
727 1569 813 1632 atque
827 1581 870 1630 ea,
884 1581 956 1632 quae
970 1572 1035 1618 sunt
1048 1565 1078 1620 C.
1091 1567 1124 1619 20
1137 1571 1166 1619 11
1179 1568 1219 1620 23.
1249 1566 1331 1620 Η111

162 1633 259 1702 capita
270 1632 400 1702 primitus
412 1632 501 1686 fuisse
519 1632 549 1684 in
565 1648 621 1684 uno
634 1631 790 1699 eodemque
808 1632 936 1701 exemplo
948 1634 1108 1701 censeo,in
1138 1651 1174 1687 uo
1208 1635 1346 1687 ostrema'

161 1699 266 1767 capitis
286 1701 320 1752 20
339 1699 426 1753 verba
447 1698 663 1768 excipiebantur
680 1697 738 1765 his,
760 1714 832 1778 quae
854 1704 920 1750 sunt
939 1697 968 1752 C.
984 1700 1030 1752 23:
1061 1651 1138 1767 „Sel
1150 1706 1179 1754 et
1217 1717 1332 1770 uropam

161 1766 257 1836 patrui
271 1767 313 1818 sui
324 1763 428 1819 Oceani
443 1783 558 1819 uxorem
572 1770 600 1818 11
614 1782 736 1818 sororem
749 1782 811 1834 eyus
823 1765 1004 1835 Eurynomen
1017 1767 1169 1835 adulterat,
1183 1774 1212 1821 et
1224 1774 1333 1847 patrem

181 1835 251 1899 unit,
265 1840 293 1887 et
306 1833 411 1886 Pluten
422 1833 550 1887 Atlantis
563 1831 615 1884 filii
629 1833 672 1884 sui
685 1833 827 1886 adulterat
839 1832 941 1900 filiam,
954 1851 988 1888 ex
1001 1853 1056 1904 qua
1066 1841 1165 1888 natum
1178 1836 1231 1888 sibr
1244 1834 1333 1887 filiurn

190 1901 317 1954 antalam
335 1899 477 1954 damnat“.
508 1900 571 1952 Hac
587 1901 753 1968 conjectura
770 1900 889 1968 probata
907 1918 964 1954 non
977 1903 1038 1971 jam
1055 1903 1156 1955 mirum
1174 1903 1241 1967 erit,
1258 1904 1333 1971 quod

162 1968 268 2021 Pluten
296 1969 342 2020 vel
360 1961 462 2087 potius
487 1966 680 2032 Plutiden***)
711 1969 796 2020 etiam
823 1966 853 2020 C.
874 1969 906 2020 21
928 1977 1173 2024 commemoratam
1195 1969 1333 2035 videmus,

182 2052 242 2089 orro
265 2035 341 2104 quod
383 2035 532 2104 eEuropa
558 2033 657 2086 eodem
679 2035 772 2103 capite
799 2051 889 2087 sermo
911 2041 955 2088 est
976 2035 1020 2088 his
1042 2037 1148 2090 verbis:
1173 2037 1332 2106 „Europam

161 2051 271 2156 Oceani
289 2104 475 2173 conjugem)
497 2101 593 2167 vitiat,
608 2117 643 2154 ex
660 2119 715 2169 qua
738 2102 865 2155 nascitur
880 2101 1087 2170 Dodonaeus“,
1106 2105 1226 2174 deniquo
1248 2104 1332 2184 quod,

181 2187 331 2238 uamquam
349 2171 410 2238 jam
432 2169 462 2222 C.
480 2168 632 2222 2011111111
654 2168 732 2222 facta
754 2176 798 2222 est
816 2169 1043 2238 „Persephonae,
1064 2189 1136 2240 quae
1154 2172 1281 2242 1111111)
1299 2188 1333 2225 ex
1371 2170 1378 2182 '

162 2185 265 2291 Oerere
281 2236 375 2290 fuerat
393 2241 555 2306 suscepta,“
576 2241 672 2289 tamen
690 2234 720 2289 C.
738 2237 771 2287 22
788 2235 823 2288 de
842 2236 942 2289 eodem
959 2237 1031 2291 Jove
1054 2239 1190 2307 scriptum
1213 2239 1332 2309 legitur:

162 2305 224 2372 „Ex
242 2301 302 2357 filia
318 2309 414 2357 autem
428 2321 478 2358 sua
496 2303 599 2357 Cerere
612 2302 712 2373 genuit
724 2301 940 2370 Persephonen,
959 2321 1043 2373 quam
1056 2306 1105 2357 eti
1128 2322 1187 2358 sam
1200 2306 1332 2374 corrupit,

161 2369 518 2426 mutatusindraconem.“
537 2367 1078 2447 11111111111111111111111211111111,,
1110 2388 1160 2424 aec
1190 2371 1285 2424 uidem
1298 2372 1333 2425 de

160 2439 279 2492 incestis
302 2438 377 2490 eius·
400 2438 466 2491 audi
486 2455 562 2491 nunc
584 2443 613 2490 et
636 2437 670 2488 de
692 2436 868 2501 adulteri1s“,
892 2436 915 2488 si
932 2437 1001 2505 quid
1021 2438 1118 2504 video,
1145 2438 1179 2490 de
1201 2444 1284 2490 entur
1306 2437 1331 2491 ei

161 2505 278 2573 homini,
315 2505 344 2557 ui
362 2477 488 2558 diversos
508 2521 690 2574 personarum
706 2519 839 2556 recensus
857 2504 1029 2572 composuit,
1048 2522 1145 2575 parum
1163 2505 1207 2557 illi
1226 2503 1333 2558 intelli-

160 2573 250 2644 genti.
308 2577 321 2624 t
340 2575 414 2625 enim
425 2577 536 2626 taceam
554 2572 589 2624 de
601 2571 713 2640 Europa
726 2569 832 2623 Oceani
847 2587 932 2623 uxore
949 2572 1050 2625 aJove
1069 2572 1184 2635 vitiata,
1202 2577 1232 2624 at
1251 2572 1333 2626 Jovis

161 2657 226 2693 cum
245 2639 385 2692 Themide
407 2656 499 2693 sorore
521 2637 690 2694 concubitus
708 2637 826 2690 incestis
847 2637 1074 2692 adnumerandus
1096 2645 1163 2692 erat.
1199 2639 1280 2693 Haec
1298 2639 1333 2692 de

161 2707 430 2786 Recognitionibus.
453 2707 614 2760 Redeamus
627 2706 683 2758 iam
695 2704 732 2758 ad
744 2704 892 2758 Homilias.
919 2704 963 2758 Ea
994 2723 1046 2760 uae
1061 2711 1126 2760 sunt
1140 2707 1169 2760 in
1180 2706 1330 2776 Recognit.

161 2773 192 2827 C.
204 2775 281 2827 20111
294 2773 454 2826 universum
465 2773 639 2853 respondent
655 2773 691 2824 iis
709 2789 780 2840 quae
800 2771 941 2825 habentur
987 2791 1039 2827 om.
1053 2773 1102 2840 lV,
1118 2773 1156 2826 16.
1175 2773 1332 2826 Transmit·

159 2841 249 2894 tenda
261 2859 329 2911 ergo
343 2847 430 2908 erant,
443 2857 478 2894 ne
495 2842 540 2894 bis
572 2839 752 2907 roferrentur,
765 2845 815 2893 aut
831 2840 966 2894 mutanda
978 2841 1027 2906 ita,
1046 2847 1078 2894 ut
1094 2845 1162 2911 apta
1175 2845 1272 2894 essent
1284 2841 1331 2894 vel

160 2925 224 2962 esse
246 2907 338 2962 videri
358 2914 477 2976 possent
494 2909 532 2961 ad
552 2860 658 2974 lbcum,
680 2924 734 2976 quo
757 2907 878 2978 scriptor
899 2908 1177 3029 „clancularioskper
1196 2906 1332 2962 transfor·

160 2976 316 3030 mationem
338 2975 447 3028 coitus“
483 2975 565 3029 lovis
587 2992 617 3028 se
635 2980 822 3028 tractaturum
859 2975 984 3029 rofessus
1006 2981 1073 3030 erat.
1139 2993 1173 3029 oc
1190 2975 1332 3046 posterius

160 3043 270 3097 factum
288 3042 417 3095 videmus
429 3043 459 3095 in
470 3043 565 3096 verbis
582 3043 619 3096 ad
630 3043 732 3097 «lovem
744 3059 808 3096 cum
844 3059 937 3096 unone
954 3044 1190 3098 concumbentem
1203 3048 1333 3114 spectan-

160 3249 361 3309 Strabon.v111‚
380 3263 404 3308 p.
421 3251 470 3296 382
491 3255 516 3295 et
534 3251 641 3296 Pausan.
658 3251 691 3304 11,
713 3251 752 3306 13,
770 3251 785 3294 3
807 3249 913 3295 eandem
933 3250 1057 3308 Aeginam
1081 3264 1137 3296 1111
1159 3252 1332 3296 demonstrare

160 3317 266 3366 studuit.
298 3316 416 3363 Ceterum
430 3317 506 3363 etiam
523 3318 558 3374 is,
573 3317 612 3363 cui
625 3315 750 3362 debentur
762 3329 854 3374 graecu
868 3316 899 3362 de
913 3317 1059 3376 Ganymede
1071 3317 1159 3374 verba,
1172 3318 1261 3374 lapsus
1276 3329 1332 3363 esse

159 3385 263 3430 videtur
275 3385 292 3430 J
293 3386 349 3430 ovis
359 3385 480 3430 amasium
490 3385 623 3442 appellans
632 3383 747 3429 Dardani
756 3383 843 3440 filium,
851 3383 900 3428 nisi
913 3383 975 3428 11111
989 3384 1142 3442 scripserat:
1156 3380 1331 3448 Aapdavs'dryv.

212 3447 235 3513 *)
255 3449 351 3496 Contra
370 3451 496 3507 „Callisto
511 3451 649 3510 Lycaonis,
662 3465 755 3510 exque
766 3451 880 3496 nascitur
893 3449 972 3495 Oreas
986 3448 1061 3508 (sic)“
1084 3455 1293 3496 commemoratur
1305 3451 1331 3496 in

160 3517 223 3576 Cap.
234 3519 275 3574 21,
288 3518 332 3564 ubi
344 3523 387 3564 aut
399 3519 454 3577 ejus
466 3519 560 3564 mentio
574 3518 769 3564 transmittenda
782 3521 845 3575 erat,
857 3521 900 3562 aut
912 3517 991 3577 illius,
1004 3531 1068 3575 quae
1079 3518 1164 3575 paullo
1174 3521 1232 3563 ante
1244 3531 1331 3564 recen-

160 3590 231 3631 setur
243 3585 283 3630 his
296 3585 395 3632 verbis:
410 3586 558 3643 „Themisto
570 3585 665 3641 Inachi,
681 3599 709 3630 ex
723 3599 772 3644 qua
784 3585 897 3630 nascitur
911 3583 1015 3631 Arcas“.
1033 3583 1081 3629 Est
1093 3585 1159 3630 enim
1172 3585 1239 3630 idem
1251 3586 1332 3631 Arcus

160 3651 361 3711 intelligendus,
380 3659 408 3698 ut
421 3652 497 3698 etiam
510 3652 698 3698 Themistonem
711 3653 765 3698 sive
783 3652 949 3711 Megistonem
966 3653 1063 3710 pariter
1076 3655 1152 3710 atque
1166 3651 1332 3698 Callistonem

159 3718 187 3764 in
206 3719 322 3778 stellam,
338 3733 402 3777 quaa
417 3719 482 3764 Ursa
495 3718 685 3779 appellabatur,
706 3724 827 3765 mutatam
846 3732 902 3765 1111
920 3719 1021 3764 fabulae
1034 3717 1162 3774 serebant,
1181 3720 1225 3765 cfr.
1237 3719 1332 3779 Hygia.

159 3785 233 3832 Post.
245 3790 342 3832 astron.
358 3787 389 3842 11,
402 3789 424 3846 1,
438 3787 556 3844 Stephan.
573 3787 678 3844 Byzant.
692 3799 712 3832 s.
722 3801 746 3834 v.
759 3778 865 3854 Ἀρκάς,
882 3787 999 3834 Eustath.
1016 3786 1049 3832 ad
1069 3787 1171 3832 Homer.
1184 3801 1208 3845 p.
1221 3787 1280 3842 300,
1292 3789 1332 3834 30.

207 3849 338 3907 **)Ha11c
363 3853 530 3912 Endymionis
553 3857 659 3898 matrem
689 3853 738 3898 nisi
763 3867 793 3899 ex
813 3853 934 3898 hocloco
962 3867 1012 3898 non
1030 3853 1201 3911 cognovimus.
1244 3855 1333 3912 Neque

161 3918 299 3977 Alphionis
319 3919 374 3964 ulla
398 3919 464 3977 apud
488 3924 588 3966 veteres
609 3920 747 3977 scriptores
765 3921 892 3979 reperitur
908 3919 1017 3979 menti03
1040 3919 1157 3966 dubitare
1179 3920 1253 3977 licet,
1273 3933 1333 3964 num

162 3985 273 4044 genuina
285 3985 319 4030 sit
330 3987 463 4044 scriptura.

195 4047 245 4114 ***)
263 4051 381 4099 Ceterum
398 4057 506 4112 utraque
518 4053 579 4098 haee
598 4051 707 4098 nominis
719 4053 799 4098 torma
811 4052 879 4110 apud
893 4051 1009 4097 Rufinum
1022 4051 1115 4110 solum,
1138 4051 1204 4110 quod
1217 4065 1264 4110 ego
1277 4051 1332 4110 qui·

162 4119 218 4165 dam
232 4119 322 4176 sciam,
333 4121 468 4179 reperitur.
487 4120 571 4178 Vulgo
583 4119 684 4164 Tantali
696 4123 776 4164 mater
786 4119 931 4177 appellatur
942 4113 1063 4166 Πλουτώ.

224 4187 251 4244 †)
276 4187 405 4245 Europam
426 4187 508 4246 patrui
527 4187 602 4234 Jovis
620 4184 716 4232 Oceani
737 4198 839 4230 uxorem
856 4185 966 4243 scriptor
983 4185 1195 4244 Recognitionum
1215 4184 1333 4242 appellat

162 4253 240 4298 etiam
249 4253 281 4314 X,
292 4254 332 4300 23.
351 4253 458 4300 Constat
467 4259 559 4312 autem,
569 4253 654 4312 potius
664 4253 743 4298 filiam
752 4251 865 4298 habitam
876 4265 931 4298 esse
942 4250 1044 4299 Oceani.
1062 4253 1079 4298 J
1081 4265 1154 4298 ovem
1164 4257 1190 4297 11
1200 4251 1330 4310 Europam
1358 4275 1362 4282 ·

161 4319 287 4379 Dodonia,
299 4334 349 4367 non
359 4321 505 4380 Dodonaei,
520 4324 640 4380 parentes
653 4319 768 4379 agnoscit
780 4319 855 4366 etiam
868 4319 1009 4378 Stephanus
1021 4321 1126 4378 Byzant.
1139 4332 1160 4366 s.
1173 4333 1197 4366 v.
1212 4313 1330 4382 Δωδώνη,
