3114 4896
570 332 855 390 remoraturos.
1265 321 1304 388 13

126 490 226 544 trabis?
261 485 434 544 Nullatenus
459 485 628 553 audiamini,
649 485 674 540 si
694 484 768 540 forte
790 491 819 540 et
836 485 961 556 aliquam
980 485 1193 556 responsionem
1212 501 1304 557 repor-

126 557 245 624 tabitis,
269 554 479 609 huiuscemodi:
509 556 571 623 Epo
592 571 652 608 eam
668 557 768 608 'amites
786 557 905 624 futuras
922 554 1074 607 uoluntates
1095 562 1157 606 aute
1178 555 1304 608 coustitu-

127 627 229 679 tionem
250 625 348 677 mundi
364 640 562 691 capnoscerem,
583 623 727 690 animique
739 641 795 692 pro
813 623 909 675 merito
926 638 975 674 auo
992 622 1107 674 latenter
1118 623 1252 690 praeuius
1264 639 1305 674 oc-

128 694 215 746 curri.
256 693 335 756 Quod
347 699 436 744 autem
449 691 481 743 id
491 691 582 760 ipram
594 690 634 742 ita
647 708 675 743 ae
686 691 785 744 tabeat
798 691 890 743 colena
902 690 946 757 iia,
959 689 1007 770 qni
1017 690 1057 741 ad
1067 707 1109 742 me
1121 694 1307 758 confugerant,

124 763 207 830 pleae
225 760 408 826 manifestare
413 799 420 825 ,
438 776 487 810 atr
503 759 538 810 ab
556 757 635 810 initio
652 775 671 810 a
683 758 786 828 primia
801 757 1022 826 generationibus
1038 759 1203 810 voluntatem
1217 773 1306 810 mam

125 829 228 898 palam
245 844 301 880 uon
319 827 431 880 siverim
438 826 617 894 praedicari,
635 843 707 878 nuuc
724 826 801 879 circa
813 827 899 893 finem
915 825 1002 878 occuli
1012 843 1165 894 praecones
1176 825 1231 878 mei
1245 842 1306 878 coa·

128 897 190 950 sitii
209 895 291 962 λαλεῖ)
314 894 360 946 iiii
378 911 442 946 vero
461 901 487 946 et
505 894 659 946 irrideatur
679 900 704 945 st
723 894 892 946 coutumeliis
913 893 1007 962 affecti
1022 893 1188 946 deluduntur
1208 894 1243 946 ab
1264 892 1308 958 iia,

131 965 180 1032 qui
200 973 375 1030 nequaquam
395 962 489 1013 uoluat
509 961 643 1014 adiuuari
661 979 800 1028 meamque
821 961 973 1014 amicitiam
994 962 1158 1014 uehementer
1178 962 1307 1030 repudia·

129 1033 215 1084 ruat!
250 1026 274 1082 Ο
296 1045 428 1100 magnam
448 1025 592 1082 inluriam!
617 1028 716 1082 mortis
741 1027 827 1082 etiam
847 1027 1003 1098 periculum
1021 1027 1143 1082 subeunt
1159 1028 1305 1099 praedica·

129 1104 208 1153 tores
220 1097 280 1150 Dei
292 1096 377 1166 idque
389 1113 441 1166 per
453 1112 501 1149 eos
513 1095 652 1162 homines,
666 1096 714 1166 qui
726 1096 763 1151 ad
776 1096 897 1150 salutem
909 1101 1053 1151 vocantru.

199 1181 267 1235 XII.
304 1180 382 1245 Quae
396 1198 459 1235 cum
476 1181 599 1234 dIcerem
617 1180 730 1252 aliaque
748 1179 793 1234 his
812 1187 1017 1247 consentanea,
1039 1181 1159 1235 multum
1176 1181 1206 1236 in
1222 1181 1307 1252 plebe

130 1257 224 1305 ortum
245 1254 291 1304 est
310 1266 438 1302 murmur.
473 1247 568 1319 Atque
594 1247 645 1303 alii
670 1249 784 1319 quidem
804 1255 940 1319 tanquam
960 1248 1121 1304 Barnabam
1141 1251 1309 1304 miserantes

130 1319 202 1372 mihi
214 1316 366 1386 favebant;
384 1317 435 1370 alii
446 1333 526 1382 vero,
539 1317 587 1386 qui
600 1323 680 1371 erant
693 1317 805 1384 stolidi,
818 1317 944 1389 graviter
959 1317 989 1369 in
1006 1334 1050 1370 me
1069 1317 1229 1371 stridebant
1242 1317 1308 1372 den·

129 1386 217 1440 tibus.
254 1385 340 1438 Porro
362 1402 425 1438 cum
446 1384 502 1438 iam
522 1401 641 1454 vespera
663 1385 840 1451 advenisset,
862 1384 1010 1439 Barnabae
1031 1401 1116 1438 manu
1132 1385 1309 1456 apprehensa

131 1471 196 1508 eum
212 1453 285 1508 lIcet
302 1453 446 1506 nolentem
462 1453 491 1505 vi
507 1453 544 1506 ad
556 1469 647 1506 meam
660 1452 772 1507 domum
785 1452 866 1518 duxi,
883 1453 933 1506 ubi
946 1458 975 1505 et
987 1451 1044 1506 feci
1056 1469 1178 1518 manere,
1190 1469 1226 1506 ne
1244 1454 1308 1522 quis

131 1522 158 1575 ei
170 1537 273 1576 manus
293 1519 431 1575 iniiceret.
466 1519 632 1590 Paucosque
645 1520 706 1574 dies
724 1537 834 1574 mecum
850 1525 975 1573 moratus
991 1520 1127 1573 nonnulla
1143 1536 1226 1574 verae
1244 1521 1309 1574 reli·

131 1591 228 1662 gionis
242 1588 403 1643 rudimenta
419 1605 463 1642 me
481 1589 585 1642 docuit.
620 1587 727 1644 Aiebat
739 1589 828 1656 enim,
846 1587 921 1658 quod
933 1593 1095 1658 properaret
1106 1589 1202 1641 venire
1215 1588 1253 1641 ad
1265 1588 1309 1642 Iu·

120 1661 235 1780 gaeum
256 1667 371 1728 propter
389 1657 508 1724 festum,
529 1663 561 1710 ut
582 1657 630 1727 qui
651 1657 740 1712 vellet
761 1657 935 1728 inposterum
957 1673 1020 1709 curn
1044 1657 1102 1709 suis
1126 1655 1309 1726 popularibus

153 1743 248 1798 egere.

201 1809 284 1862 XIII.
320 1809 383 1881 Ego
398 1827 464 1864 vero
482 1828 545 1864 cum
562 1809 645 1864 valde
664 1809 700 1863 ab
713 1810 791 1862 illius
805 1809 905 1891 lingua
916 1809 1069 1881 penderem
1081 1827 1115 1864 ac
1128 1809 1310 1865 vehementer

132 1879 271 1932 instarem
287 1895 341 1932 nec
359 1878 539 1944 desisterem,
558 1877 609 1932 sed
619 1877 757 1948 reliquam
770 1878 928 1932 doctrinam
939 1879 1113 1949 postularem
1125 1897 1159 1933 ac
1173 1879 1308 1933 dicerem:

133 1947 179 2000 Tu
196 1952 309 2000 tantum
324 1945 394 1999 mihi
412 1963 521 2016 expone
537 1945 608 2011 Dei,
626 1947 674 2015 qui
686 1963 722 2016 ap
744 1946 830 2013 aruit,
844 1963 914 2017 quos
927 1947 1034 2000 audisti
1047 1963 1199 2015 sermones,
1213 1954 1242 2002 et
1255 1964 1309 2020 ego

133 2015 263 2070 oratione
279 2031 343 2068 mea
359 2031 407 2068 eos
425 2032 527 2068 ornans
544 2013 720 2068 voluntatem
763 2014 789 2067 ei
806 2014 991 2084 praedicabo,
1010 2015 1106 2085 sicque
1122 2022 1223 2086 postea
1235 2016 1310 2070 intra

132 2100 241 2154 paucos
255 2081 317 2135 dies
334 2082 478 2153 navigabo
490 2088 599 2149 tcoum;
616 2081 766 2136 admodum
784 2083 859 2136 enim
872 2082 955 2152 cupio
972 2083 1009 2138 ad
1025 2084 1148 2137 Iudaeae
1165 2085 1310 2155 regionem

133 2151 241 2217 venire,
255 2167 289 2204 ac
301 2149 374 2204 forte
387 2149 533 2204 vobiscum
545 2156 606 2204 toto
616 2150 693 2203 vitae
705 2167 785 2204 meae
794 2157 920 2222 tempore
929 2149 1076 2218 habitabo,
1089 2152 1139 2206 ille
1149 2153 1193 2205 his
1203 2154 1310 2208 auditis

133 2219 213 2272 illico
224 2218 374 2288 respondit
385 2236 419 2272 ac
433 2217 518 2272 dixit:
537 2218 583 2271 Tu
596 2217 619 2270 si
632 2217 745 2287 quidem
758 2219 854 2274 videre
864 2225 960 2273 nostra
970 2227 999 2274 et
1011 2221 1086 2292 quod
1101 2221 1216 2291 expedit
1229 2240 1264 2276 cu
1286 2221 1310 2274 is

134 2287 246 2342 discere
281 2303 391 2340 mecum
410 2286 507 2341 statim
524 2286 675 2358 navigato,
696 2286 740 2339 sin
761 2303 827 2341 vero
848 2305 904 2342 non
925 2287 968 2342 vis
984 2289 1134 2360 navigare,
1156 2307 1210 2361 ego
1226 2241 1310 2344 hoiie

133 2355 219 2426 signa
260 2353 379 2408 omicilii
398 2355 455 2408 mei
476 2371 639 2424 eorumque,
661 2371 730 2424 quos
751 2356 901 2410 convenire
923 2355 1080 2423 desideras,
1106 2358 1257 2425 indicabo,
1278 2363 1311 2410 ut

134 2422 249 2544 quando
266 2422 389 2477 volueris
404 2423 501 2477 venire
519 2440 570 2476 nos
591 2423 734 2488 invenias3
757 2440 811 2494 ego
831 2441 951 2493 namque
973 2443 1035 2478 cras
1053 2425 1090 2478 ad
1106 2441 1169 2479 mea
1185 2443 1229 2479 me
1245 2443 1310 2479 con·

147 2509 232 2545 eram.
268 2490 307 2543 Et
318 2508 384 2545 vero
397 2508 514 2545 cernens
527 2490 688 2545 Barnabam
700 2490 771 2543 adeo
785 2508 847 2544 esse
860 2492 1071 2558 inexorabilem,
1085 2493 1237 2546 comitatus
1251 2511 1312 2546 sum

135 2577 199 2613 eum
211 2575 302 2679 usque
315 2558 352 2612 ad
384 2565 484 2626 ortum,
497 2558 681 2630 acceptisque
694 2557 730 2611 ab
744 2574 777 2610 eo
790 2557 881 2629 signis
895 2575 966 2628 quae
977 2559 1086 2613 dixerat
1096 2559 1310 2641 domiciliorum,

135 2627 181 2681 aio
197 2627 236 2680 ad
252 2645 261 2679 r
275 2627 346 2679 lum:
393 2627 429 2680 isi
447 2643 508 2680 cras
526 2626 712 2698 repetendum
728 2625 798 2678 mihi
814 2633 892 2680 esset
908 2625 1018 2696 aliquid
1030 2644 1138 2694 corum,
1155 2645 1227 2698 quae
1239 2628 1309 2682 mihr

136 2695 286 2758 debentur,
307 2693 436 2764 profecto
452 2695 567 2749 iamiam
587 2701 681 2749 tecum
703 2693 882 2765 navigarem,
900 2699 1027 2749 attamen
1044 2695 1102 2749 cito
1122 2701 1152 2750 te
1168 2713 1310 2777 assequar.

135 2763 190 2817 His
203 2762 292 2816 dictis
304 2763 556 2843 commendatoque
569 2780 602 2817 eo
615 2762 696 2818 navis
714 2761 878 2817 ductoribus
889 2780 1018 2818 reversus
1032 2781 1093 2818 sum
1106 2782 1169 2819 cum
1181 2765 1310 2834 tristrtia,

137 2848 244 2885 memor
259 2830 374 2884 boniac
387 2831 535 2886 concordrs
547 2831 640 2885 amici.

204 2915 284 2970 XIV.
320 2915 439 2986 Aliquot
451 2922 546 2970 autem
563 2915 624 2969 dies
641 2921 766 2970 moratus
779 2922 808 2970 et
826 2916 953 2972 debitum
969 2925 1085 2990 propter
1097 2919 1173 2990 quod
1183 2927 1312 2975 retentus

136 2984 246 3040 fueram
263 3000 320 3038 non
335 2990 427 3038 totum
445 2984 575 3055 accipere
593 2984 704 3050 valens,
725 2991 757 3038 ut
774 2985 906 3040 celeriter
922 2985 1064 3041 hominem
1080 2988 1251 3060 attingerem
1263 3006 1310 3043 ne·

137 3055 235 3125 glecto
243 3051 319 3123 quod
328 3059 482 3124 supererat,
490 3053 556 3122 quia
565 3051 633 3104 mihi
644 3058 720 3106 esset
729 3052 941 3123 impedimento,
948 3054 1009 3126 ipse
1016 3073 1126 3126 quoque
1137 3057 1167 3109 in
1176 3056 1311 3112 Iudaeam

137 3119 305 3192 enavigavi,
327 3127 356 3174 et
377 3120 587 3191 quintodecimo
605 3119 651 3173 die
674 3118 842 3176 Caesaream
863 3121 1003 3177 Stratonis
1021 3124 1149 3179 advenio.
1186 3121 1312 3196 cumque

136 3195 242 3244 terram
254 3187 417 3269 tetigissem
430 3195 459 3243 et
471 3189 625 3259 hospitium
639 3205 809 3258 quaererem,
822 3191 907 3245 audio
920 3192 1060 3262 quendam
1072 3193 1184 3247 nomine
1196 3193 1312 3247 Petrum

137 3257 205 3312 Iesu
222 3255 330 3311 Christi
344 3256 401 3310 Dei
418 3256 485 3324 filii,
507 3257 555 3326 qui
571 3257 601 3310 in
617 3255 724 3311 Iudaea
744 3265 912 3328 apparuerat
930 3265 959 3313 et
976 3260 1059 3330 signa
1075 3267 1161 3329 atque
1181 3262 1262 3332 prodi
1285 3262 1313 3316 ia

137 3325 282 3390 ediderat,
298 3324 530 3396 probatissimum
546 3325 717 3395 discipulum
735 3325 860 3379 crastino
877 3326 923 3380 die
940 3345 1002 3380 cum
1018 3327 1131 3381 Simone
1150 3345 1184 3380 ex
1202 3281 1312 3381 Gratiis

137 3391 317 3448 Samaritano
328 3399 476 3448 venturum
488 3393 525 3448 ad
542 3393 770 3463 disputationem.
807 3392 885 3456 Quae
903 3410 957 3464 ego
973 3394 1091 3447 audiens
1108 3395 1221 3463 rogavi,
1239 3395 1310 3448 indi-

137 3460 563 3516 carimihiilliusmansionem.
599 3461 637 3516 Et
650 3461 794 3516 statimac
807 3459 910 3527 didici,
942 3460 1235 3515 raestofuiadfores.
1265 3462 1310 3515 In-

136 3530 205 3584 tuiti
217 3534 315 3585 autem
327 3546 371 3584 me
384 3530 474 3601 quiin
487 3530 569 3585 domo
582 3535 671 3597 erant,
683 3529 758 3584 inter
774 3545 804 3584 se
817 3528 930 3584 confere
952 3534 1016 3597 ant,
1029 3529 1159 3600 quisnam
1171 3545 1265 3584 essem
1277 3547 1311 3586 ac

137 3723 258 3787 secl),
275 3722 350 3774 Hom.
363 3722 383 3785 1,
397 3717 443 3786 13,
456 3727 542 3773 nostra
553 3722 622 3872 Epit.
636 3726 661 3771 et
673 3721 705 3771 cI.
748 3721 954 3859 duxprqtqqaiuov
966 3723 1049 3774 BOD.
1073 3750 1105 3758 —
1127 3719 1155 3792 2)
1175 3725 1250 3776 Vocc.
1268 3725 1313 3776 καὶ

137 3808 177 3859 ap.
191 3793 255 3854 Cot,
274 3785 405 3907 dnqtoittq
422 3791 543 3873 ”¹153—
562 3786 578 3839 6
613 3786 706 3872 ὀλίγας
749 3804 824 3876 aquo„
847 3789 1312 3872 wriyuseptqouom.D.—d)Voce.

138 3877 187 3910 om.
207 3859 235 3909 O.
259 3886 292 3894 -
333 3844 471 3937 Maisan
488 3857 706 3941 aiatoucioyov
749 3877 797 3916 ους
807 3873 927 3922 ηκουσας
939 3858 990 3910 des.
1002 3876 1030 3909 ur
1043 3860 1070 3911 G.
1087 3888 1129 3940 —.
1140 3855 1169 3928 4)
1183 3861 1312 3912 SroBCD

137 3928 262 4006 βραχέως
272 3943 309 3994 με
320 3940 472 3995 normaque
483 3928 513 3989 A,
526 3927 571 3976 rai
580 3943 630 3978 του
640 3927 705 3991 αλη-
749 3943 770 3982 c.
782 3927 858 3976 Hom.
870 3927 891 3989 I,
905 3920 939 3975 14
950 3931 975 3976 et
985 3931 1150 3996 nostraEprt.
1162 3929 1313 3988 suffragante

139 4001 211 4053 θους
222 3989 309 4076 λόγου
317 3997 418 4064 βραχέα
426 4012 462 4066 με
468 3988 705 4073 κατηχήσαιςιΒΟΙ),
748 3995 807 4044 Rus.
820 3991 890 4074 (Rea
900 3993 922 4057 I,
933 3990 990 4073 11);
1008 3996 1083 4074 lectio
1093 3996 1192 4046 Codicis
1203 3998 1226 4045 A
1239 3995 1313 4045 ἔλευ-

138 4059 706 4182 '‘“th‘ttttdbdtiltltlt
749 4076 796 4180 tt
811 4079 888 4180 imff
902 4063 1139 4196 iiiiiiriiiQ
1163 4089 1195 4099 “
1219 4058 1247 4128 5)
1269 4065 1313 4114 ²¹²²

139 4135 412 4249 iexffte’ntinnostra
423 4169 539 4266 Epii-
554 4193 582 4264 8)
594 4193 646 4278 γὰρ
659 4213 707 4247 om.
793 4169 862 4282 ‘03⁵9'
885 4148 1019 4280 ΧΝφῙ)
1044 4210 1079 4265 pp
1099 4167 1154 4266 ‘des⁸
1177 4214 1204 4264 in
1228 4217 1256 4266 B.
1279 4241 1314 4252 ..

142 4267 253 4344 ΒΑΜ-
272 4281 311 4333 81)·
329 4267 391 4330 001,
410 4264 485 4335 ἔλέλέ
504 4261 555 4335 γὰρ
575 4262 709 4317 ‘'siwia'’
751 4279 779 4350 2)
802 4283 1057 4352 περιλειπουμένου
1077 4284 1106 4332 Α.
1125 4310 1159 4320 -
1183 4277 1211 4403 3)
1235 4300 1315 4351 γινο-

142 4333 285 4386 οῐᾶῑῐιαλΔ·
750 4350 906 4420 μένουΒΟ.
925 4376 960 4385 -
975 4345 1003 4416 4)
1026 4350 1111 4403 πέντε
1127 4352 1172 4402 καὶ
1209 4351 1315 4405 έκαεοτ.

195 4419 253 4487 (lap.
266 4418 339 4471 XIII.
369 4414 396 4486 1)
413 4415 540 4487 γλώσσης
550 4421 580 4470 A.
596 4417 709 4470 Subinde
752 4419 778 4468 G.
809 4443 841 4453 -—
872 4413 900 4484 5)
925 4417 1041 4483 Ρητθῶν
1068 4420 1100 4470 al.
1128 4434 1168 4486 ap.
1197 4419 1251 4471 Cot·
1281 4447 1314 4456 -
