3126 4894
239 275 300 340 139
705 291 933 342 01999999199

238 443 326 552 ὁρμήν
339 443 436 528 σβέσαι
452 443 580 508 διἰναται
596 469 642 507 και
656 443 693 526 μή
709 443 918 526 ἀναβάλλου,”
901 469 944 508 οτι
958 470 974 506 ν
964 442 1116 526 ’χάναβολή
1130 445 1251 508 κίνδυνον
1269 445 1344 526 φέρει
1363 451 1414 508 δια

238 531 272 594 τὸ
288 529 390 610 άδηλον
405 529 474 593 είναι
489 531 538 591 τοι)
553 527 684 592 θανάτου
700 527 749 633 99J9
764 528 949 608 προθεσμίαν

323 613 413 674 XIX.
461 617 564 676 Ταῦτα
580 613 666 676 αὐτοῦ
688 611 814 718 ειηάντος
828 611 1028 717 ἀπεκρινάμην·
1048 611 1146 716 ήδη’
1118 615 1275 693 ευχαριστῶ
1292 615 1331 691 τῷ
1347 615 1415 692 θεῷ

239 724 286 763 και
305 693 391 778 πατρί
410 693 456 761 καλ
476 701 516 776 τιή
536 707 679 780 μυνοχενεῖ
697 697 783 761 αιίτοίι
810 697 859 776 υἱῲ
879 693 926 760 καὶ
951 701 990 776 τῴ
1009 695 1144 776 πνεύματι
1165 695 1252 760 αὐτοῦ
1271 702 1313 804 τιή
1330 695 1415 802 ιἰχίιρ,

239 784 281 848 ὅτι
295 780 335 855 ὡς
349 781 497 890 ἐβουλόμην
511 780 827 888 πληροφορηθηναι,”
793 807 866 844 ουτω
885 807 932 861 μοι
946 783 1092 862 παρέσχεν.
1098 782 1108 824 '¹
1130 781 1200 882 πλὴν
1219 777 1281 863 περὶ
1296 783 1364 862 ἐμιῖι
1378 783 1417 844 τὸ

239 867 367 932 λοιπὸν’
351 867 497 946 αμέριμνος
512 863 624 972 ι’σβι,“
606 891 650 930 οτι
669 865 817 972 οὐτιιάηατε
835 865 969 929 ἐνδοιάσαι
984 863 1053 945 πρός
1072 891 1099 928 τι
1117 869 1173 929 τών
1187 863 1242 967 ίηιὸ
1258 869 1309 930 σοῦ
1327 871 1414 946 λαλη-

239 951 364 1024 θέντων,
385 975 459 1014 ωστε
472 948 547 1031 κάριέ
556 976 609 1030 μαν
624 951 764 1030 Πέτρε
733 979 770 1034 μη
786 949 906 1032 άθάμιιι,
926 948 965 1022 ὡς
987 949 1155 1050 ἀναισθήτῳ
1175 951 1291 1032 με’χιστα
1311 903 1416 1052 δωροίι-

239 1061 321 1117 μενος
336 1033 447 1116 άχαθά.
462 1033 573 1097 οῖδα
541 1060 607 1140 χαρ,
622 1033 665 1098 ὅτι
679 1036 708 1098 ἕν
722 1039 819 1108 9'0999,2
837 1060 854 1098 0
843 1033 1001 1117 βαυλεται
1011 1059 1053 1106 τις
1070 1060 1117 1097 και
1132 1034 1239 1138 ταχβως
1253 1040 1349 1116 λαβεῖν
1364 1029 1417 1097 καὶ

240 1117 409 1203 βραδέως
359 1145 415 1224 μη
430 1128 531 1199 τυχεῖν·
555 1118 730 1200 αισθάνομαι
753 1120 808 1202 χὰρ
821 1125 870 1183 ταίι
886 1121 1022 1190 δοθιντας
1034 1143 1080 1199 μοι
1100 1117 1146 1181 διὰ
1161 1116 1263 1198 τάχους
1276 1119 1415 1219 χαρίσμα-

240 1229 296 1276 τος.
318 1227 409 1267 ταντα
430 1225 483 1283 μου
497 1201 624 1275 εἰπόντας
643 1201 680 1266 ὁ3
678 1204 839 1305 ΙΙέτρας”
815 1218 888 1307 εφη·
905 1203 985 1284 χάριν
1003 1201 1130 1284 ὁμολοχω
1146 1204 1185 1280 τῴ
1205 1205 1267 1281 θεῷ
1287 1199 1334 1264 καί
1350 1197 1416 1300 περὶ

241 1293 291 1371 της
309 1291 360 1368 σης
379 1287 531 1389 σωτηριάς,
554 1283 601 1350 καί
624 1283 686 1368 περὶ
705 1291 755 1370 της
776 1290 842 1369 ἐμή-ς
861 1287 1053 1358 ἀπολαύσεως
1073 1287 1144 1366 πλήν
1163 1285 1310 1366 νήστευσον
1328 1290 1416 1390 τριιην

240 1377 331 1480 μηνῶν
345 1369 457 1454 ἡμερας,
472 1398 519 1435 και
511 1368 722 1480 λαμβάνεις
697 1399 729 1435 το
745 1371 822 1454 άχιαν
836 1372 995 1452 βάπτισμα·
1011 1371 1096 1452 άρξαι
1109 1396 1159 1434 του
1147 1371 1301 1472 λοιπαη
1282 1370 1342 1434 αιτίι
1363 1373 1416 1451 της

242 1457 346 1539 αὔριον.
362 1457 419 1520 ἔστι
434 1457 467 1564 δέ
477 1481 524 1536 μαι
538 1454 555 1538 η
571 1456 666 1536 αὔριον
680 1457 751 1534 πρὸς
765 1457 922 1537 Σίμωνα
897 1481 946 1519 τοι
959 1455 1050 1562 μάχαν
1064 1454 1195 1530 διάλεξις
1217 1481 1264 1518 και
1258 1482 1316 1554 n902
1303 1453 1416 1560 ὀκλά-

241 1565 292 1646 σης
308 1541 444 1624 παρεῖναί
455 1566 501 1620 μοι
516 1539 544 1603 ἕν
562 1566 625 1613 ταις
644 1545 700 1603 τῶν
724 1541 932 1644 ἀντικειμένωνι
953 1539 1122 1624 ζητήσεσιν.5
1145 1567 1193 1604 και
1217 1543 1309 1603 ταῦτα
1327 1538 1416 1602 εἰπὼν

242 1653 290 1690 και
279 1629 407 1727 τραφης
422 1625 507 1696 αὐτὸς
519 1625 693 1726 μεταλαβὼν,
708 1627 781 1690 ι’δίιιν
796 1627 868 1730 κηἰμε
859 1623 1047 1708 μεταλαβεῖν
1058 1626 1204 1688 ἐκελευσεν.
1214 1622 1369 1728 εὐλογήσας
1384 1617 1416 1686 δὲ

242 1707 288 1816 9'99J
309 1715 358 1792 της
377 1713 482 1791 τροφῆς
502 1735 549 1771 και
570 1709 785 1810 εὐχαριστήσας,
808 1710 928 1814 ἐπήχαχι
946 1710 1043 1792 λε’χων·
1070 1709 1126 1788 δῴη
1144 1735 1189 1773 σοι
1208 1706 1224 1770 ὁ
1245 1710 1316 1780 θεὸς
1337 1703 1415 1770 κατά

242 1793 338 1859 πάντα
352 1793 562 1898 έξομαιωθηναί
574 1819 632 1873 μοι,
652 1819 698 1856 και
690 1790 863 1878 βαπτισθ’
851 1819 914 1856 ντα
933 1799 983 1876 της
1002 1794 1089 1874 αὐτῆς
1103 1818 1144 1857 τοι
1163 1797 1343 1898 μεταλαβεῖν
1344 1817 1414 1869 τρα-

243 1879 334 1984 πέζης
349 1881 440 1941 ταῦτα
454 1875 540 1979 ειηών
558 1875 704 1960 ἡσυχάζειν
717 1905 765 1960 μαι
783 1878 968 1960 προσέταξεν·
989 1877 1040 1960 ήδη
1061 1877 1115 1980 χάρ
1133 1903 1188 1941 που
1203 1873 1250 1940 καί
1264 1877 1313 1940 τὸν
1326 1901 1416 1940 νπναν

244 1985 818 2150 Μ’τελίλζωυβήῗίοάυάυάάουση
764 2049 853 2130 ημέρα
873 2046 933 2151 έχώ
947 2045 1100 2150 Κλήμης’
1083 2070 1121 2108 ττι
1141 2050 1191 2127 της
1211 2045 1309 2116 νυκτὸς
1331 2043 1418 2124 ιιιίσης

244 2127 417 2201 δινιινισθιίς
431 2157 478 2194 και
471 2127 598 2211 μαθὼν
612 2130 661 2193 τὸν
677 2133 819 2212 ΙΙέτρον’
802 2130 971 2238 εχρηχαράτα
983 2157 1030 2194 και
1045 2141 1104 2202 ταῖς
1113 2135 1227 2234 συνοῦσι
1240 2155 1301 2210 περι
1316 2140 1419 2192 θεασε

243 2215 341 2320 βειάς1
364 2212 616 2320 διαλεγόμενον,
589 2241 615 2278 οι
633 2212 705 2297 ήσαν
725 2216 791 2278 δέκα
811 2241 859 2279 και
851 2210 966 2290 ἓξ,
942 2243 982 2278 ων
1004 2211 1051 2278 καί
1070 2215 1108 2278 τά
1128 2213 1255 2296 ὀνόματα
1270 2216 1417 2278 ἐκθεῖναι2

244 2297 484 2401 ἐβουλευσάμην,
468 2325 546 2372 οπως
552 2301 675 2401 ε’πιχνῳς
689 2325 737 2362 και
751 2301 824 2372 τίνες
838 2298 922 2404 1ἦσαν
938 2325 1050 2404 ηρωτας
1064 2297 1240 2400 Ζακχαιος”’
1222 2324 1238 2360 0
1252 2323 1321 2361 ποτε
1334 2295 1417 2360 τελιίι

243 2411 302 2465 της,
316 2410 363 2448 και
354 2379 559 2464 Σαρωνίας
546 2409 563 2447 α
577 2383 749 2466 άδιλφδς’
717 2389 816 2459 αυτοῦ,
838 2381 970 2466 Ιάσηφάς
989 2409 1021 2447 99
1039 2377 1087 2446 καὶ
1106 2381 1122 2448 ὁ
1143 2382 1241 2446 ταίτον
1261 2381 1419 2486 σύντροφος

246 2470 387 2549 Μιχαίας,
408 2471 521 2570 προσέτι
536 2466 565 2574 δή
584 2472 694 2549 Θωμᾶς
707 2495 755 2532 και
747 2434 920 2548 Ἐλεζερας
934 2494 959 2532 09
955 2470 1086 2548 ’δι’δυμοι,
1102 2495 1149 2530 και
1140 2464 1331 2539 ΑινέαςΗ
1289 2493 1306 2530 0
1321 2467 1417 2548 ιερεὺς,

244 2550 291 2617 καί
306 2549 473 2634 ίάζαρυςὸ
495 2553 594 2654 ἱερεὺς,
613 2551 646 2614 ὃν
666 2553 814 2633 άνέστησεν
834 2554 864 2616 ἐκ
882 2557 985 2654 νεκρῶν
1004 2551 1188 2654 τετραήμερσν
1203 2549 1219 2614 ὁ
1234 2551 1325 2653 κίηιος
1339 2549 1418 2632 ήμῶν

243 2637 348 2717 Ἰησοῦς
370 2636 507 2738 Χριστός,
529 2663 577 2700 και
600 2637 779 2710 Ἐλισσαιος3
798 2662 846 2700 και
837 2631 1034 2717 Βενιαμίν
1020 2642 1103 2700 ατοῦ
1123 2639 1247 2718 Σαφρά,
1268 2633 1372 2717 ὁμοίως
1384 2660 1418 2736 χε

243 2681 382 2826 Ἰλοάβιλας
396 2747 444 2784 και
435 2717 607 2822 Ζαχηιριάς
621 2747 647 2784 οι
642 2721 809 2827 αι’κηδόμοι,
823 2721 959 2792 Ἀνανιας
971 2745 1002 2784 99
1016 2747 1063 2784 και
1055 2716 1248 2824 Ἀχηαιας
1220 2745 1246 2783 09
1256 2715 1419 2819 1999990909⁴

245 2804 284 2866 ἔτι
298 2830 329 2867 τε
343 2804 469 2910 Νικήτης
487 2831 533 2867 και
525 2801 720 2876 Ἀκάλιις“
691 2831 717 2867 οι
731 2807 851 2884 ἑταῖροι,
875 2805 947 2885 πλὴν
961 2807 1095 2887 σι’σηλθαι
1109 2804 1202 2886 κάχιὸ,
1217 2799 1265 2867 καί
1278 2829 1418 2886 προσαχο

243 2887 345 2968 ρειλσιις
358 2890 525 2968 ε’καθέσθην
540 2889 628 2951 αὐτου
616 2888 831 2992 κελειληαντος.

328 2971 418 3031 XXI
452 2969 486 3034 0
508 2969 585 3034 δὲ
559 2997 608 3034 909
628 2997 806 3052 προκειμεναν
824 2970 950 3077 ἐγκάψας
967 2967 1105 3077 λάχον,
1081 2997 1176 3052 ωσπερ
1195 2971 1420 3055 άτιολοχοάμενας

245 3053 433 3160 ι’πληροφόριι,
448 3079 522 3126 τινος
531 3079 621 3118 ινεκιιι
632 3081 682 3117 ουκ
692 3056 823 3129 ε’ξυιτνισε
828 3082 872 3136 με,
886 3083 965 3129 οπως
976 3083 1025 3120 ταν
1035 3057 1165 3137 λάχναι
1149 3057 1308 3131 επακιιιίσω,
1323 3058 1419 3120 αιτίαν

244 3140 391 3241 τιθέμενιης
404 3138 454 3202 τὸν
473 3139 503 3201 ἐκ
517 3163 567 3202 του
555 3142 654 3202 πλον
666 3139 806 3246 σιιυλμβν
829 3144 932 3204 ἐκεῖνον
945 3142 1000 3222 γὰρ
1012 3143 1165 3245 πεφθηναί
1174 3165 1221 3220 μοι
1236 3139 1367 3214 θελυιν,
1354 3165 1418 3222 ησυ-

244 3219 381 3304 χάζειν”
350 3247 452 3286 ειασεν.
468 3219 577 3287 ὁπόταν
591 3222 645 3304 γάρ
660 3221 677 3327 η
692 3225 769 3328 ψυχή
783 3221 845 3304 περί
859 3225 893 3286 τὸ
907 3230 1055 3286 λεῖπον
1016 3251 1056 3303 τῳ
1070 3225 1179 3306 σάματι
1195 3225 1411 3304 ἀσχολεῖται,
1380 3251 1419 3289 τα

244 3305 469 3412 προσφερόμενα
469 3305 633 3388 μαθήματα
646 3332 679 3370 ου
693 3309 754 3371 κατ’
772 3309 856 3383 άξιλιιν
866 3310 1019 3388 προσιεται.
1034 3309 1133 3414 τούτου
1143 3309 1225 3371 ἕνεκα
1236 3311 1420 3392 διαλέγεσθαι

244 3417 278 3454 ιιυ
268 3389 469 3473 ’βούλομαι
436 3417 501 3454 αντε
514 3389 562 3455 διά
574 3418 637 3456 τινα
650 3401 797 3474 συμφορὰν
815 3391 1024 3471 λνπαιιμεναις
1009 3420 1026 3473 η
1042 3393 1169 3473 άμέτρως
1182 3393 1417 3498 097990999'90993'
1401 3421 1419 3500 η

244 3475 316 3554 πρὸς
328 3474 470 3538 λύσσαν
454 3501 559 3580 ερφτος
577 3477 813 3557 9'99999009999'9099,
834 3475 862 3580 ή
871 3476 905 3538 τὸ
919 3479 1007 3578 σῶμα
1017 3478 1307 3556 καταπεπονημέναις,
1326 3505 1343 3558 η
1360 3476 1419 3540 ιἰπὸ

245 3561 379 3660 βιωτικων
393 3559 550 3664 φροντίδων
560 3561 818 3664 πιριηιθαυμέιοις
796 3585 826 3662 η
818 3556 936 3631 ἄλλοις
953 3585 1008 3622 τισι
1026 3561 1152 3624 πάθεσιν
1170 3559 1359 3640 ὀχλουμένοις,
1377 3559 1421 3633 οἷς

244 3638 362 3744 ηψυχη,
383 3667 423 3713 ως
437 3640 518 3722 ἔφην,
536 3646 735 3707 υποπάττουσιι
756 3670 804 3708 και
824 3645 864 3724 τῴ
884 3641 993 3723 σάματι
1014 3643 1151 3724 πάσχοντι
1172 3644 1397 3726 συναλχαίσα
1369 3671 1420 3726 την

244 3724 347 3804 99¹9
359 3723 492 3804 νιόιισν
507 3726 628 3806 ᾰσιολιῖ

329 3821 434 3884 XXII
476 3822 587 3888 Κατ
555 3854 593 3930 μη
611 3827 711 3910 λεγέτω
730 3840 782 3899 τις
803 3827 836 3890 αὖ
853 3827 905 3931 χρη
924 3825 973 3890 οίιν
987 3827 1177 3908 παραμυθιλις
1196 3823 1244 3889 καλ
1265 3831 1421 3902 νουθεσίαις

245 3907 409 4012 πρασφερειι
422 3918 481 3980 τοῖς
495 3910 603 3990 φαιλάν
617 3937 643 3974 τι
649 3911 817 4018 πράττουσι
831 3912 914 4014 φημί
929 3936 952 3974 ει
966 3910 1017 4014 μὲν
1032 3910 1108 3976 άνίιει
1121 3935 1172 3986 τις,
1186 3913 1381 4016 πριιηφερέιω
1396 3917 1425 3978 99‘

245 3989 318 4054 δέ
287 4017 345 4090 μη,
357 3995 398 4071 τῴ
412 4017 499 4073 καιρῳ
487 3993 657 4068 &Idus
640 3994 693 4076 εχολ
706 3994 763 4102 χάρ
774 3993 891 4068 οἶδα,
873 4019 917 4058 ατι
931 3995 1028 4058 πάντα
1043 3996 1139 4080 καιρὸν
1153 3991 1252 4058 ἔδιατ
1235 4020 1298 4098 εχει.
1312 3997 1355 4060 διὸ
1369 3999 1421 4080 χρὴ

245 4097 303 4146 τοις
323 4069 488 4177 άιθρσλιιυις
501 4077 566 4148 τοὺς
580 4077 629 4160 τήν
643 4079 735 4160 ψυχὴν
749 4077 907 4180 ῥωνιιλντας
918 4079 1017 4160 λάχους
1031 4079 1087 4158 πρὸ
1103 4084 1155 4160 της
1173 4077 1324 4152 κακώσεως
1340 4083 1421 4144 έπιδι
1470 4097 1474 4104 “

245 4154 365 4228 δάνει’
349 4184 395 4224 ινα
409 4155 438 4224 τί
446 4183 515 4224 ποτε
529 4160 643 4226 ιπιλθυι
661 4187 688 4224 τι
700 4159 854 4241 φαῦλοι,
840 4187 857 4225 0
872 4188 936 4234 9099
949 4122 1177 4243 πριιυιπλισμέλας
1193 4163 1277 4243 ὀρθῴ
1296 4189 1337 4265 τφ
1325 4169 1421 4264 λοχι·

245 4242 324 4384 9⁹39
335 4239 999 4408 ,mmmm
1006 4247 1168 4411 m:
1172 4246 1421 4414 mm?
