3114 4896
473 222 478 234 ¹
542 268 698 322 armona
713 268 825 324 raros.
1225 248 1268 319 33

100 456 214 510 pararem
226 437 265 493 ad
273 442 387 560 gentes,
401 452 474 508 quse
486 436 591 492 multos
604 437 671 492 deos
684 442 828 503 asserrmt,
841 441 873 490 ut
884 433 1076 506 praedicarem
1088 449 1122 488 ac
1135 432 1264 490 docerem

100 525 175 560 unum
191 524 256 562 esse
304 524 366 561 eum
383 506 412 558 in
429 503 521 558 tribus
559 505 667 560 ersonis
685 511 839 560 creatorem
855 503 928 558 caeli
941 509 970 558 et
982 509 1072 556 terrae
1084 503 1263 572 omniumque

100 592 162 646 quae
174 574 253 628 iniis
267 574 456 639 continentur,
470 590 525 644 quo
538 523 666 626 domines
679 573 785 628 dilecto
803 589 836 626 eo
852 576 970 643 possent
986 571 1106 624 salutem
1118 569 1263 640 consequi,

98 643 274 712 praeveniens
288 642 417 696 diabolus
428 639 570 695 Simonem
579 641 734 710 praemisit,
746 645 779 693 ut
787 639 971 710 persuaderet
979 637 1141 692 hominibus
1153 637 1265 691 cunctis

100 711 182 764 colere
195 711 279 777 deos,
300 709 348 791 qui
364 726 422 764 non
440 714 519 776 sunt,
540 714 628 778 utque
644 713 808 764 recusarent
821 707 934 762 credere
947 707 977 760 in
987 723 1074 760 unum
1086 705 1194 772 Deum,
1215 703 1264 786 qui

99 777 219 832 universa
230 777 361 832 condidit
376 785 437 831 tum
449 775 589 843 visibilia,
607 783 668 830 tum
685 775 849 830 invisibilia.
884 773 996 830 Idcirco
1021 779 1132 844 oportet
1148 788 1193 826 me
1205 777 1263 826 cito

99 863 154 899 asse
172 847 201 899 ui
215 863 289 913 eum,
302 863 338 900 ne
352 844 481 898 doctrina
490 842 613 898 Simonis
626 844 734 898 diutius
747 843 894 897 immorata
907 859 1003 896 omnes
1013 841 1127 912 penitus
1138 839 1262 894 invadat.

155 863 263 966 inm.
300 913 393 978 Quare
413 929 531 966 necesse
553 917 605 978 est,
627 911 732 983 aliquis
752 928 803 980 pro
823 928 868 964 me
889 909 983 964 locum
1006 926 1098 964 meum
1122 907 1262 988 suppleat.

100 979 132 1034 At
149 998 183 1035 ue
196 981 295 1035 cuncti
307 981 402 1034 Deum
419 980 528 1033 intente
546 996 666 1046 oremus,
679 985 711 1032 ut
724 995 787 1033 eum
800 977 849 1048 qui
862 977 965 1049 dignus
979 976 1017 1030 sit
1028 976 1109 1031 Deus
1121 975 1262 1046 designet.

100 1049 145 1111 Qu1
164 1067 196 1102 us
209 1049 297 1102 dictis
310 1047 446 1119 imposuit
457 1065 557 1102 manus
570 1046 716 1102 Zacchseo
730 1052 759 1100 et
771 1045 825 1101 ait:
839 1045 914 1100 Here
927 1044 1050 1099 Domine
1062 1049 1144 1115 pater
1156 1041 1263 1096 domini

99 1115 199 1186 Deique
217 1134 252 1170 ac
270 1115 420 1170 salvatoris
439 1114 528 1168 nostri
544 1115 611 1169 Iesu
629 1113 748 1182 Christi,
770 1131 821 1184 per
838 1113 969 1184 spiritum
985 1119 1065 1166 tuum
1082 1117 1212 1166 sanctum
1223 1113 1262 1165 'ac

100 1183 262 1238 adorabilem
278 1189 312 1238 tu
327 1183 402 1236 hunc
418 1189 511 1250 tuere,
544 1181 573 1235 ui
609 1176 686 1236 as'tor
698 1182 736 1235 sit
747 1182 846 1252 populi
857 1181 914 1248 tui,
927 1199 1011 1252 quem
1023 1178 1147 1251 elegisti.
1182 1177 1263 1232 Haec

100 1251 140 1328 ubi
152 1251 281 1318 dixisset,
294 1251 333 1305 ad
343 1250 478 1321 populum
490 1198 568 1303 inde:
589 1201 756 1320 Quicunque
768 1249 909 1320 baptizari
921 1249 1018 1314 vultis,
1032 1264 1066 1301 er
1079 1245 1202 1301 crastino
1215 1244 1262 1299 die

99 1317 211 1373 ieiunare
228 1319 358 1389 incipite.
394 1319 464 1372 Post
480 1323 539 1372 tres
557 1323 652 1372 autem
664 1317 725 1372 dies
744 1334 808 1370 cum
820 1317 967 1387 baptizare
980 1313 1137 1384 coepisset,
1149 1311 1264 1368 vocavit

102 1404 137 1439 me
149 1385 334 1452 Clementem,
347 1385 481 1441 Nicetam
494 1391 523 1439 et
535 1383 669 1455 Aquilam
681 1403 715 1440 ao
728 1384 814 1438 dixit:

155 1453 258 1508 XLIV.
297 1454 404 1524 Tyrum
434 1453 592 1508 rofectmus
608 1459 674 1523 post
686 1458 795 1532 septem
808 1451 869 1506 dies
881 1451 956 1516 volo,
968 1449 1012 1502 uti
1023 1466 1073 1502 vos
1086 1447 1218 1502 celeriter
1229 1463 1263 1502 eo
1324 1491 1326 1496 .

101 1520 274 1577 advenientes
290 1526 348 1574 eta
368 1521 406 1574 ud
415 1471 618 1575 Chananaeam
629 1521 797 1574 Berenicem
813 1519 910 1572 lastae
927 1517 1017 1570 filiam
1034 1515 1109 1570 clam
1124 1514 1263 1594 hospitati

101 1589 182 1644 onmia
203 1606 278 1660 quae
298 1589 335 1642 ad
377 1589 498 1642 imonem
520 1589 665 1658 pertinent
688 1586 871 1658 investigetis
889 1603 923 1640 ac
945 1584 1100 1654 diligenter
1116 1581 1186 1634 mrhr
1201 1598 1263 1652 per-

100 1657 227 1711 scribatis.
264 1656 443 1726 Quapropter
454 1656 568 1710 iamiam
581 1674 644 1710 eum
656 1673 726 1726 pace
739 1655 859 1726 pergite.
888 1653 982 1726 Igitur
992 1651 1187 1720 relinquentes
1200 1665 1263 1702 eum

99 1721 285 1793 baptizantem
301 1724 331 1776 in
348 1723 455 1794 Tyrum
471 1723 643 1777 Phoeniciae
661 1723 783 1793 profecti
801 1739 904 1776 sumus.
938 1721 977 1774 Et
994 1718 1070 1790 apud
1087 1716 1263 1788 praedictam

101 1789 291 1846 Chansnaeam
302 1791 437 1846 diversati
449 1791 618 1861 acceptique
635 1791 671 1844 ab
685 1809 719 1845 ea
731 1789 880 1860 splendide
897 1807 930 1843 ac
946 1785 1100 1842 honorifice
1117 1784 1216 1839 statim
1228 1781 1263 1838 ds

100 1856 199 1914 Simone
212 1859 306 1914 locuti
319 1876 412 1912 sumus
425 1857 470 1912 his
482 1859 590 1913 verbis:
610 1857 706 1912 Simon
718 1859 774 1912 iste
786 1875 905 1930 magnus
918 1857 948 1910 in
960 1855 1153 1926 disputatione
1198 1869 1264 1906 uam

101 1943 154 1978 cum
168 1927 285 1980 domino
302 1933 397 1980 nostro
418 1926 504 1980 Petro
523 1925 679 1980 Caesareae
692 1926 805 1993 habuit,
819 1931 967 1996 superatus
990 1923 1087 1977 statim
1108 1939 1141 1976 eo
1161 1870 1264 2000 hdsbitu

101 2011 146 2062 quo
161 2000 218 2048 erat
230 1995 291 2048 huc
309 2011 338 2048 se
350 1993 486 2076 profugus
499 1995 631 2060 contulit,
644 2000 729 2064 atque
743 1995 772 2048 ln
786 2011 849 2048 eum
861 1991 1016 2048 maledicta
1028 1989 1184 2046 ooniioiens
1197 2005 1262 2041 srm-

100 2061 235 2128 pliciorum
252 2061 365 2117 animas
382 2062 500 2132 abr1pit‚
519 2078 637 2131 eumque
654 2062 716 2132 ipse
728 2078 828 2133 magus
844 2061 894 2128 sit,
908 2061 990 2113 illum
998 2075 1113 2130 magum
1125 2055 1261 2127 appellat,

101 2135 192 2184 etcum
209 2130 247 2182 sit
260 2130 409 2199 impostor,
421 2129 449 2183 A
469 2129 592 2183 ostolum
604 2129 785 2199 impostorem
797 2129 962 2199 proclamat,
976 2127 1080 2197 quique
1090 2126 1120 2178 in
1133 2122 1262 2180 omnibus

101 2196 217 2251 devictus
229 2196 291 2250 fuit
303 2215 388 2268 seque
401 2198 431 2250 in
442 2149 541 2268 digam
553 2196 674 2266 turpiter
687 2197 820 2264 coniecit,
830 2197 934 2251 vicisse
949 2212 979 2250 se
991 2193 1148 2266 profitetur.

156 2263 239 2320 XLV.
280 2264 417 2319 Berenice
438 2271 533 2319 autem
550 2264 613 2334 ipsa
631 2282 741 2334 quoque
762 2265 805 2318 ita
823 2281 882 2318 rem
902 2263 1006 2318 habere
1023 2267 1132 2317 testata
1153 2263 1198 2313 est
1233 2264 1264 2313 et

100 2330 196 2402 reliqua
212 2332 276 2386 alia
292 2350 342 2402 per
359 2350 389 2386 se
407 2332 527 2386 addidit.
574 2331 778 2386 Phantasmata
790 2331 878 2397 enim,
892 2331 994 2400 inquit,
1007 2335 1157 2399 postquam
1169 2327 1194 2379 is
1205 2297 1262 2379 huc

100 2398 203 2453 advenit
220 2406 249 2454 et
268 2406 383 2479 spectra
398 2418 433 2454 ac
452 2399 603 2453 simulacra
619 2400 746 2470 quotidie
763 2399 793 2452 in
810 2399 904 2452 medio
917 2397 977 2452 foro
989 2396 1099 2450 faciens
1111 2400 1202 2448 totam
1214 2392 1263 2447 ob·

101 2466 242 2536 stupefacit
255 2467 419 2522 civitatem:
432 2485 498 2522 nam
511 2472 622 2521 statuae
636 2467 750 2535 quidem
761 2471 921 2530 moventur,
940 2463 1052 2533 quando
1064 2463 1126 2532 ipse
1138 2465 1264 2531 pertran-

100 2533 139 2600 sit,
148 2541 174 2588 et
183 2552 248 2589 vero
259 2551 348 2606 saepe
358 2535 472 2590 umbrae
486 2535 513 2588 ei
524 2540 669 2605 praeeunt,
682 2551 751 2603 quas
762 2537 792 2586 et
804 2531 1000 2586 defunctorum
1012 2530 1120 2584 animas
1129 2525 1263 2581 nominat.

100 2599 193 2656 Multos
204 2619 300 2674 porro,
314 2603 362 2672 qui
375 2621 438 2657 eum
449 2603 698 2683 praestigiatorem
711 2599 854 2666 dicebant,
866 2617 930 2652 cum
941 2603 1043 2668 postea
1054 2595 1091 2650 ad
1104 2593 1264 2672 convivium

99 2677 218 2724 vocasset
231 2675 261 2724 et
277 2670 378 2724 bovem
391 2675 547 2725 mactasset
559 2669 686 2741 rpsisque
699 2669 729 2722 in
741 2685 835 2722 escam
848 2667 985 2730 dedisset,
997 2664 1084 2718 variis
1095 2661 1200 2716 morbis
1212 2677 1263 2713 rm-

99 2735 189 2804 plicuit
200 2743 291 2808 atque
305 2737 455 2792 daemones
468 2739 509 2792 eis
523 2737 653 2791 immisit:
671 2737 701 2790 in
714 2753 822 2790 summa
832 2735 937 2789 multos
949 2731 1105 2804 affligendo
1118 2730 1187 2783 deus
1200 2744 1263 2782 esse

98 2803 276 2868 existimatus,
289 2811 340 2859 est.
376 2806 516 2871 Quocirca
539 2823 597 2860 non
615 2811 699 2876 puto,
726 2821 894 2874 quemquam
909 2802 1062 2857 valiturum
1082 2798 1263 2869 exstinguere

99 2875 197 2926 tantum
208 2874 310 2944 ignem
320 2890 479 2928 accensum.
503 2872 595 2937 Quare
608 2889 642 2926 ea
654 2873 747 2945 gratia
758 2878 791 2926 ut
802 2890 852 2927 vos
866 2871 896 2924 in
906 2869 1065 2942 periculum
1075 2885 1133 2922 non
1141 2865 1264 2920 veniatis

60 2935 68 2958 ⁸
98 2935 195 3008 hortor,
216 2959 254 2996 ne
280 2941 429 3060 quicquam
446 2941 581 2996 adversus
599 2957 662 2994 eum
678 2940 809 3008 tentetis,
831 2945 983 3009 antequam
994 2935 1150 3008 Apostolus
1162 2933 1264 2988 Petrus

99 3008 205 3076 venerit,
218 3007 274 3080 qui
305 3026 391 3062 ommi
401 3026 435 3063 ac
446 3008 503 3063 Dei
515 3007 606 3062 nostri
617 3007 684 3063 Iesu
693 3007 799 3062 Christi
812 3007 1029 3080 probatissimus
1042 3003 1201 3076 discipulus
1214 3017 1263 3073 po·

100 3074 158 3128 terit
167 3077 243 3130 solus
257 3082 360 3131 contra
371 3082 481 3131 tantam
492 3076 650 3156 potentiam
662 3076 804 3131 dimicare.
1243 3135 1250 3150 ‚

155 3141 259 3198 XLVI.
297 3143 353 3197 His
369 3161 387 3198 a
398 3144 536 3198 Berenice
550 3143 636 3198 dictis
652 3161 703 3198 nos
715 3161 804 3200 imane
822 3149 926 3198 cuncta
936 3141 971 3196 de
985 3139 1098 3196 Simone
1111 3156 1175 3194 cum
1196 3153 1263 3192 sorr·

99 3208 258 3280 psissemus,
272 3211 312 3266 ad
323 3211 544 3266 ambulationem
562 3209 751 3266 convertimus
768 3212 893 3294 gradum.
929 3211 968 3264 Et
993 3208 1128 3263 continuo
1150 3205 1264 3326 Appios

100 3289 154 3331 cum
164 3279 229 3333 aliis
246 3279 370 3352 triginta
385 3280 508 3334 occurrit
524 3278 621 3348 nobis,
642 3278 757 3352 Appion
774 3297 813 3348 rs,
834 3279 915 3334 cuius
931 3281 999 3333 ante
1011 3275 1184 3330 mentionem
1208 3287 1263 3326 eos-

100 3469 227 3544 sententise
245 3470 312 3520 male
325 3469 552 3522 confundebantur:
577 3465 610 3524 rol
627 3487 657 3524 τε
701 3470 755 3521 Cot.
770 3495 804 3504 -
825 3463 853 3536 6)
876 3461 927 3520 τὸν
948 3481 996 3517 om.
1015 3465 1043 3516 (l.
1064 3489 1093 3497 -
1116 3455 1265 3527 '0213350’9

101 3533 176 3604 opard
186 3540 232 3588 καὶ
245 3533 280 3590 τὰ
294 3531 405 3606 ἀόρατα,
415 3532 469 3606 χρή
480 3555 525 3617 με.
700 3537 783 3588 BCD.
800 3561 834 3573 -
859 3531 888 3604 8)
913 3527 1093 3605 ἀνακηρύττει
1115 3529 1162 3580 OD
1185 3532 1212 3579 et
1232 3525 1264 3577 αἱ·

100 3667 104 3676 Ι
142 3603 198 3670 Cap.
211 3605 310 3656 XLIII.
347 3601 374 3672 1)
392 3603 506 3664 ἔκτενως
524 3605 575 3657 τοῦ
587 3605 658 3658 θεοῦ
699 3621 739 3673 sp.
752 3605 808 3656 Cot.
1004 3659 1009 3666 ,

98 3682 142 3717 mv.
158 3671 212 3720 on.
234 3700 269 3708 -
290 3667 319 3739 a)
332 3666 468 3729 ἀναδείξει
481 3674 530 3724 fuit
541 3674 569 3724 m
580 3675 611 3726 n.
624 3700 658 3710 -
751 3674 810 3742 sap.
831 3671 913 3724 XLV·
956 3665 983 3738 1)
1015 3662 1132 3733 ἑκάστην
1159 3660 1266 3737 ἡμέραν

99 3729 122 3815 3)
134 3742 213 3823 χεῖρα
228 3737 657 3809 Hom.111‚72etn0trsapit,
699 3741 798 3856 plenius
816 3744 845 3791 B.
868 3767 908 3820 .‘'
936 3734 964 3806 2)
988 3735 1019 3789 δὲ
1029 3736 1128 3819 1αιαίᾱία
1144 3732 1264 3815 Cler3ed·

100 3811 306 3940 wchtdeIIcIIV.
319 3869 347 3942 1)
358 3871 408 3939 τὴν
420 3891 468 3925 om.
483 3878 511 3925 B.
524 3904 557 3912 —
568 3842 594 3936 a)
625 3893 658 3926 α-
700 3805 776 3926 Βῖἒὲ
795 3807 933 3940 etSldlimdpi.
951 3803 1266 3928 Cddhilclrphdtd'sdddidtsc,

100 3940 212 3992 νανίτιδι
225 3943 288 4005 CD,
302 3942 340 3992 ed.
349 3943 425 3993 Hom.
434 3947 551 4010 princeps
560 3893 658 4008 HLKIQ
702 3943 836 4006 Cedrenus,
849 3942 1016 4008 Nicephorus.
1028 3967 1061 3977 —-
1078 3935 1107 4007 3)
1119 3941 1164 3990 καὶ
1176 3953 1223 3988 om.
1235 3937 1264 3984 B.

100 4012 176 4057 sorba
187 4010 258 4076 Epit.
272 4011 342 4060 etsl.
355 4026 393 4076 sp.
408 4011 462 4061 Cot.
476 4039 509 4047 -
529 4007 556 4078 3)
568 4028 658 4078 χανα-
701 4007 774 4078 -4)
796 4013 841 4062 καὶ
852 4005 953 4068 αὐτοὺς
964 4002 1092 4066 ἑστιάσας
1107 4023 1155 4056 om.
1171 4006 1202 4055 D.
1234 4025 1265 4036 -·

102 4073 178 4126 vtum
189 4077 238 4127 OD
252 4083 277 4128 et
289 4079 320 4129 sl.
334 4095 374 4145 ap.
388 4079 453 4141 Cot,
471 4074 545 4148 παρὰ
556 4081 658 4149 Βερνί-
701 4073 731 4214 53
742 4078 863 4147 δαίμονα
875 4078 901 4128 C.
913 4105 945 4112 —
953 4071 981 4143 6)
992 4071 1071 4145 ὑμῶν
1080 4075 1112 4124 al.
1121 4089 1161 4139 ap.
1172 4071 1266 4122 cot.-

102 4143 659 4280 strat.attrabata
702 4143 817 4280 Vae?
837 4144 983 4274 ‘art
997 4174 1152 4276 r...-
1172 4201 1200 4273 2,

103 4270 116 4322 l
139 4283 161 4327 et
181 4287 268 4331 nostra
286 4283 310 4332 Ε
329 4283 357 4332 it.
374 4309 408 4318 —
425 4277 454 4348 4)
480 4278 605 4344 δαψιλῶς
626 4283 659 4332 sl.
701 4281 787 4332 tabilis
804 4279 865 4330 boni
879 4274 1060 4342 Epitomatoris
1076 4273 1208 4325 memoriae
1230 4272 1266 4321 ls-

104 4357 138 4410 ψ.
159 4347 210 4398 Cot.
231 4375 266 4385 —
293 4299 328 4419 bi)
348 4351 425 4400 Deest
449 4349 495 4400 καὶ
519 4349 547 4399 in
568 4351 600 4400 sl.
620 4365 660 4418 ap.
702 4362 846 4416 psus;nam
856 4341 1267 4412 Appionisnomenheioprimum

1063 4427 1076 4472 8
