3126 4894
548 327 703 376 armona
721 327 831 378 raros.
1277 312 1318 376 89

139 481 295 546 praesente
311 493 357 529 me
370 483 492 544 tuosque
510 473 597 528 falsos
611 490 754 528 sermones
766 473 963 545 redarguente.
999 475 1114 530 Etenim
1126 474 1199 528 forte
1215 493 1258 529 me
1270 477 1318 530 ab·

138 550 223 599 sente
238 543 308 598 dece
330 550 377 596 tus
390 540 503 609 fnisset,
517 559 580 596 cum
592 541 630 594 im
652 542 740 595 sritus
753 541 791 594 sit
803 540 948 607 librorum,
961 542 1010 612 qui
1022 541 1138 597 Iudaeis
1149 542 1243 612 palam
1254 551 1319 598 sunt

137 611 251 666 traditi.
310 627 367 664 unc
380 615 475 664 autem
488 610 578 663 multa
587 560 674 663 verba
686 609 857 690 praeteribo,
870 615 902 662 ut
915 609 1000 663 citius
1013 609 1229 681 promissionem
1242 616 1318 664 tuam

140 679 286 733 infirmam
299 695 362 732 esse
376 677 549 732 convincam.
583 677 640 732 Dic
658 677 759 758 igitur,
778 677 854 747 quod
869 677 1016 746 pollicitus
1034 696 1072 732 es.
1108 677 1158 732 Sin
1170 683 1266 732 autem
1277 695 1319 732 re·

138 747 361 817 prehensionem
376 747 485 799 veritus
503 763 597 800 coram
620 746 703 799 nobrs
720 745 793 798 velis
810 745 979 814 promissum
996 747 1143 812 omittere,
1168 744 1255 799 etiam
1278 747 1319 800 sic

140 814 291 868 sufficiens
305 814 359 868 erit
375 813 506 894 probatio
518 813 593 867 falsa
605 830 683 881 esse,
702 829 774 883 quae
791 812 962 883 promisisti,
981 812 1209 884 quandoquidem
1226 830 1320 868 coram

138 881 304 936 hominibus
322 881 482 962 Scrrpturas
500 881 672 936 callentibus
689 899 746 934 non
763 898 848 934 ausus
869 881 908 934 sis
924 881 1026 936 dicere.
1062 881 1101 934 Et
1117 897 1183 935 vero
1202 880 1259 935 iam
1271 899 1321 934 cur

139 956 296 1020 exspecto,
313 955 346 1002 ut
359 949 452 1016 drcas,
471 949 519 1018 qui
531 949 683 1002 maximum
694 947 788 1002 habeo
804 948 1024 1020 pollicitationis
1037 955 1103 1004 tuae
1122 953 1227 1002 testem
1244 947 1320 1004 hunc

139 1015 261 1071 senem?
288 1017 359 1070 Post
374 1017 447 1070 haec
460 1016 547 1071 verba
559 1033 623 1070 cum
635 1022 744 1097 patrem
757 1016 930 1086 aspexisset,
944 1017 998 1072 ait:
1025 1016 1082 1072 Dic
1095 1015 1179 1082 mth‚
1198 1016 1320 1070 virorum

159 1084 401 1152 raestantissime,
414 1101 508 1138 nonne
522 1083 577 1138 iste
589 1083 643 1138 tibr
656 1083 805 1156 pollicitus
819 1089 863 1138 est
875 1091 1054 1140 ostensurum
1067 1102 1097 1140 se
1116 1083 1216 1151 hodie,
1233 1102 1320 1138 unum

138 1103 237 1206 ileum
256 1169 335 1219 esse,
353 1169 407 1206 nec
424 1152 511 1206 alium
524 1151 675 1206 dicendum
687 1157 737 1206 aut
753 1151 915 1206 habendum
928 1153 1032 1220 Deum,
1045 1152 1081 1208 ab
1095 1170 1129 1207 eo
1149 1157 1258 1219 autem,
1272 1153 1320 1223 qui

140 1220 229 1274 aliter
241 1219 353 1287 fecerit,
367 1220 526 1274 immortale
541 1219 711 1290 supplicium
724 1226 855 1274 exactum
868 1219 924 1274 iri?

213 1303 350 1359 CXXXI.
377 1304 436 1358 Res
457 1304 538 1358 ondit
558 1310 652 1374 pater:
681 1303 772 1359 Recte
789 1323 807 1358 a
828 1321 872 1358 me
894 1305 1088 1359 testimouium
1110 1305 1320 1375 postulares,o

142 1375 256 1436 Simon,
285 1373 310 1425 si
332 1377 418 1426 antea
470 1377 546 1426 etrus
566 1373 737 1443 negavisset.
773 1372 857 1427 Nunc
882 1378 977 1426 autem
1000 1390 1057 1425 non
1077 1372 1195 1426 verebor
1216 1373 1320 1438 dicero,

162 1459 218 1496 uae
234 1441 357 1495 dicenda
370 1444 449 1494 suut:
464 1438 583 1493 arbitror
596 1447 625 1494 te
638 1439 680 1494 ira
690 1441 831 1512 repletum
842 1440 917 1494 velle
930 1439 1154 1510 disputationem
1168 1440 1319 1510 suscipere.

172 1527 208 1563 oc
231 1526 313 1579 porro
332 1524 423 1578 neque
440 1514 469 1562 te
493 1506 588 1561 facere
611 1507 707 1574 decet,
728 1523 821 1577 neque
843 1513 969 1578 oportet,
991 1514 1022 1562 ut
1046 1525 1097 1561 nos
1118 1507 1159 1561 sic
1183 1507 1319 1562 affectum

139 1577 303 1642 audiamus,
315 1575 449 1646 quoniam
461 1574 491 1628 id
503 1592 628 1646 pugnam
639 1575 737 1630 videre
750 1583 804 1642 est,
818 1581 847 1630 et
860 1593 918 1629 non
933 1575 970 1630 ad
984 1576 1134 1630 veritatem
1147 1575 1244 1629 iuvari.
1264 1575 1320 1630 Sed

140 1652 263 1715 uterque
276 1651 400 1698 vestrum
413 1643 518 1714 dogma
529 1660 610 1696 suum
628 1649 764 1714 exponat,
784 1643 867 1698 etad
885 1643 972 1698 alium
990 1643 1113 1697 iudicem
1131 1643 1218 1697 verba
1234 1643 1320 1698 habe-

141 1721 243 1779 antur,
263 1713 360 1781 sieque
378 1728 491 1781 prorsus
509 1710 671 1766 invenietur
685 1709 873 1766 dubitationis
886 1727 986 1780 expers
998 1710 1112 1765 veritas.
1146 1709 1261 1764 Placuit
1279 1709 1320 1763 Si-

141 1781 223 1834 moni
241 1780 344 1846 oratio‚
363 1795 392 1832 se
414 1796 449 1833 ue
467 1795 501 1832 ex
519 1795 553 1833 ea
565 1779 705 1833 facturum
717 1779 856 1848 promisit.
890 1778 1093 1832 Verumtamen
1104 1777 1207 1844 timeo,
1227 1779 1320 1848 inquit

143 1849 272 1914 Fausto,
285 1863 321 1902 ne
335 1847 390 1900 iam
428 1847 481 1902 etri
493 1847 588 1901 verbis
601 1853 758 1917 occupatus
771 1865 828 1900 non
841 1845 880 1900 sis
892 1847 951 1900 veri
965 1847 1110 1900 studiosus
1123 1845 1214 1900 iudex.

213 1930 363 1985 CXXXII.
401 1932 439 1985 Et
466 1937 548 2001 pater
568 1931 729 2001 respondit:
767 1931 811 1987 Ne
833 1947 877 1986 me
898 1949 999 2002 cogas,
1025 1936 1132 1986 temere
1160 1949 1194 1986 ac
1212 1931 1321 1986 indicta

143 2017 233 2055 causa
243 1999 299 2054 tibi
311 1998 458 2066 assentiri,
472 2004 504 2052 ut
516 1998 601 2052 iudex
613 1999 744 2054 veritatis
762 2017 859 2054 amans
872 1999 977 2054 videar.
1012 1999 1086 2054 Nam
1104 1998 1128 2052 si
1145 2017 1212 2053 vera
1223 1999 1321 2054 audire

143 2068 242 2138 cupis,
261 2073 312 2121 tua
332 2066 427 2136 potius
450 2067 595 2120 sententia
610 2074 836 2138 praeoccupatus
859 2085 927 2120 sum.
960 2067 1003 2121 Ac
1021 2067 1131 2121 Simon:
1157 2067 1321 2132 Quomodo

143 2155 175 2191 es
187 2141 415 2206 praeoccupatus
432 2134 480 2204 qui
502 2135 609 2202 nescis,
632 2135 701 2205 quid
719 2133 862 2190 sentiam?
891 2135 931 2190 At
948 2142 1043 2206 pater:
1074 2135 1174 2190 Facile
1188 2142 1232 2190 est
1250 2135 1322 2188 illud

144 2219 330 2275 cognoscere,
343 2207 372 2256 et
384 2219 506 2272 quonam
538 2208 612 2268 acto,
626 2203 701 2258 audi.
731 2204 884 2258 Pollicitus
897 2221 941 2270 es,
961 2211 1018 2258 ate
1031 2203 1098 2258 falsi
1112 2203 1274 2258 convictum
1287 2204 1322 2257 iri

142 2273 271 2337 Petrum,
284 2271 333 2340 qui
345 2287 430 2324 unum
443 2287 506 2325 esse
550 2287 613 2324 eum
626 2278 750 2326 asserat:
770 2278 895 2326 ceterum
910 2270 959 2341 qui
972 2271 1115 2342 promittit
1126 2271 1321 2342 reprehensio-

143 2356 210 2394 nem
226 2338 382 2393 asserentis
398 2355 484 2392 unum
495 2337 589 2392 Deum
626 2339 690 2394 lane
704 2338 888 2394 manifestum
905 2345 965 2404 est,
985 2338 1061 2409 quod
1079 2338 1103 2391 is
1120 2356 1187 2392 vera
1203 2339 1322 2408 loquens

142 2424 202 2462 non
214 2406 292 2460 idem
304 2403 435 2460 affirmet.
462 2405 493 2460 Si
506 2405 581 2460 euim
594 2356 669 2461 iiem
687 2407 758 2460 dicit
776 2425 839 2460 cum
853 2424 901 2473 eo,
919 2407 968 2475 qui
985 2405 1123 2460 ementita
1135 2405 1273 2474 loquitur,
1293 2413 1322 2460 ct

147 2475 208 2546 ipse
221 2473 351 2545 profecto
368 2479 413 2527 est
430 2473 565 2543 mendax,
584 2475 687 2528 sivero
700 2473 841 2528 contraria
854 2473 949 2526 dicere
963 2490 992 2526 se
1005 2472 1142 2538 ostendit,
1156 2489 1190 2525 ex
1202 2473 1321 2527 adverso

145 2559 215 2596 sane
231 2559 316 2595 verus
329 2547 381 2595 est.
405 2540 470 2596 Non
483 2542 542 2596 alia
555 2559 623 2614 ergo
638 2541 748 2595 ratione
761 2541 987 2611 praedicatorem
999 2540 1083 2593 unius
1096 2539 1154 2594 Dei
1167 2555 1231 2594 esse
1244 2556 1321 2594 men·

145 2611 247 2664 dacem
257 2609 437 2679 pronuncias,
453 2610 510 2663 nisi
544 2611 593 2664 uia
606 2609 711 2663 multos
727 2609 795 2664 deos
810 2624 873 2662 esse
889 2624 998 2662 censes.
1034 2605 1074 2660 At
1094 2607 1125 2660 ui
1140 2608 1245 2662 multos
1258 2624 1321 2662 esse

146 2678 217 2732 deos
234 2694 290 2748 ego
308 2693 419 2747 quoque
435 2677 489 2732 aio.
524 2627 632 2732 {adem
649 2676 740 2798 iglitur
750 2683 846 2732 tecum
860 2675 990 2730 doctriua
1002 2681 1069 2729 ante
1103 2675 1323 2746 isceptationem

145 2751 305 2816 occupatus
324 2763 400 2812 sum,
423 2751 452 2798 et
468 2752 619 2816 propterea
633 2763 672 2798 nu
685 2745 713 2799 la
729 2751 812 2799 tenus
830 2748 942 2814 oportet
959 2748 988 2798 te
1002 2748 1128 2798 metuere
1146 2743 1181 2798 de
1198 2759 1252 2808 me,
1271 2744 1322 2797 sed

145 2813 264 2868 Petrum
276 2813 386 2894 potius,
407 2812 562 2868 etiamnum
578 2812 682 2934 (puippe
700 2820 798 2868 contra
814 2817 900 2892 atque
919 2811 968 2865 ille
982 2811 1082 2866 sentio.
1117 2811 1187 2866 Post
1198 2817 1322 2865 vestram

145 2887 244 2936 autem
255 2881 479 2951 disputationem
491 2897 572 2952 spero
598 2897 655 2947 ore,
667 2887 699 2934 ut
711 2881 770 2935 veri
783 2880 928 2936 studrosus
941 2879 1026 2934 iudex
1039 2879 1114 2934 omni
1129 2879 1259 2949 deposita
1273 2897 1322 2934 an-

146 2949 318 3019 ticipatione
327 2948 505 3018 praevalenti
515 2966 703 3003 consensurus
713 2950 767 3002 sim
776 2948 904 3004 orationi.
931 2947 1011 3002 Haec
1025 2965 1088 3002 cum
1099 2953 1181 3019 pater
1192 2947 1321 3014 dixisset,

147 3017 257 3137 sensiulr
269 3017 376 3071 clamor
387 3015 503 3086 quidam
516 3016 689 3070 laudationis
702 3035 720 3071 a
730 3017 835 3088 populo
849 3021 962 3072 exortus
975 3023 1029 3084 est,
1043 3016 1175 3088 quoniam
1188 3016 1230 3071 ita
1240 3023 1324 3088 pater

150 3090 231 3140 esset
256 3090 365 3139 ocutus.

219 3167 384 3223 CXXXIII.
414 3168 502 3223 Porro
514 3168 615 3222 Petrus
628 3187 706 3223 suam
720 3170 755 3225 de
767 3170 831 3224 Deo
848 3168 1020 3224 senteutiam
1033 3186 1066 3224 ex
1088 3172 1171 3236 osuit,
1184 3171 1322 3240 pluraque

149 3239 185 3291 de
199 3235 364 3290 monarchia
375 3237 539 3307 prolocutus
552 3253 615 3290 eum
627 3237 751 3291 lacrimis
764 3254 849 3291 manu
861 3237 1012 3292 advocavit
1024 3189 1248 3304 muitItudinem3
1267 3255 1323 3307 qua

149 3304 308 3361 accedente
321 3310 381 3358 tum
390 3321 490 3358 manus
503 3303 646 3375 imposuit,
658 3310 718 3359 tum
730 3321 781 3375 pro
793 3304 829 3357 iis
841 3311 973 3374 precatus
984 3309 1038 3368 est,
1051 3305 1211 3373 pariterque
1225 3321 1322 3358 omnes

147 3373 214 3428 Deo
234 3371 440 3427 benediximus.
476 3371 555 3426 Intro
576 3378 670 3426 autem
696 3372 776 3426 irruit
799 3371 904 3451 aliquis
928 3371 1037 3426 Simoni
1061 3371 1172 3448 dicens:
1188 3368 1234 3448 ‘A
1254 3371 1323 3440 pion

146 3440 324 3496 Plistonices
337 3457 401 3494 eum
413 3439 584 3493 Annubione
596 3439 679 3494 modo
692 3440 772 3494 venit
783 3436 946 3492 Antiochia.
982 3437 1091 3501 Quibus
1104 3436 1211 3490 auditis
1246 3438 1322 3492 imon

147 3509 208 3564 exit
221 3507 321 3562 statim
333 3507 494 3577 praedictos
508 3513 684 3578 excepturus.
707 3507 794 3562 Pater
804 3523 870 3561 vero
878 3505 1019 3562 accedens
1031 3504 1068 3558 ad
1076 3504 1192 3558 Petrum
1202 3503 1233 3557 Si
1242 3503 1321 3571 mihi,

147 3575 258 3647 inquit,
277 3575 425 3642 concedis,
443 3574 555 3630 domine
568 3575 620 3642 mi,
638 3581 667 3629 et
686 3593 739 3647 ego
757 3593 821 3631 cum
839 3592 872 3630 eo
889 3571 1068 3646 proficiscar,
1084 3578 1116 3626 ut
1130 3572 1252 3627 salutem
1264 3570 1321 3644 Ap·
1357 3621 1363 3634 ,

146 3645 264 3716 pionem
282 3648 312 3697 et
324 3641 525 3698 Annubionem
538 3642 608 3696 mihi
624 3643 741 3714 aprima
755 3649 851 3699 aetate
866 3643 981 3698 amieos.
1008 3641 1122 3696 Etenim
1138 3639 1212 3697 forte
1225 3638 1322 3696 Annu-

1015 3845 1022 3863 Ι

146 3851 235 3918 βολον
246 3851 299 3902 ΒΙ).
317 3846 396 3916 -6)
410 3847 471 3902 slus
489 3851 520 3900 D.
538 3852 630 3901 Parum
643 3867 715 3902 accu·
759 3868 807 3902 om.
829 3854 858 3902 Β.
882 3879 914 3887 -
937 3847 965 3919 5)
1007 3869 1071 3916 ητι
1089 3852 1142 3914 BD,
1163 3851 1239 3902 Hom.
1257 3852 1274 3901 l.
1292 3867 1321 3910 a,

147 3925 202 3969 rate
210 3919 265 3969 cot.
276 3923 302 3968 et
312 3918 376 3967 Cler.
384 3923 498 3968 vertunt:
511 3919 715 3982 „verumtamem
758 3925 844 3970 nostra
854 3919 924 3986 Epit.
937 3928 962 3969 et
972 3870 1004 3968 ai
1013 3935 1052 3985 ap.
1062 3919 1116 3969 Cot.
1127 3946 1160 3954 —
1171 3915 1187 3967 6
1210 3913 1323 3982 δοξάζῃς

147 3987 243 4051 inquit,
255 3986 332 4035 timeo
345 3988 451 4046 Fausto5
468 4001 499 4036 nc
516 3987 566 4035 iam
578 3987 649 4037 Petri
660 4003 715 4036 ver·
759 3992 897 4036 correctum
910 4003 975 4036 man.
993 4002 1040 4036 sec.
1061 4003 1091 4036 ex
1108 3979 1229 4044 δοξάζεις
1246 3988 1274 4033 Β.
1288 4011 1321 4020 -

147 4055 189 4104 bis
212 4059 362 4119 occupatus,
381 4069 432 4103 non
454 4053 488 4103 sit
513 4054 566 4103 veri
589 4054 715 4104 studiosus
759 4051 786 4121 7)
801 4054 903 4121 πέῗρος
916 4057 944 4116 Β,
959 4055 1064 4120 πέτρου
1077 4053 1104 4102 O.

149 4120 254 4171 iudex.“
812 4122 871 4188 Cap.
890 4121 1034 4171 CXXXIII.
1071 4117 1321 4187 1)προσεκαλοῦτο

202 4189 238 4239 (la
258 4188 409 4244 exxxu.
439 4185 718 4260 1)προκατείλημμαι
760 4189 790 4238 D.
815 4215 847 4224 -
870 4186 896 4252 2)
915 4185 1072 4252 Ἀνουβίωνι
1095 4187 1127 4236 al.
1149 4201 1188 4250 ap.
1210 4185 1263 4235 Cot.
1287 4212 1321 4222 —

149 4205 267 4323 a-i)
281 4253 311 4306 dd
327 4259 356 4318 B,
373 4256 419 4306 ubi
437 4255 506 4306 deest
524 4255 563 4324 τῷ
578 4265 717 4320 astarten·
760 4251 777 4303 3
813 4251 850 4314 ὡς
877 4271 925 4305 om.
950 4255 1015 4304 BOD
1039 4259 1064 4304 et
1092 4254 1123 4303 al.
1147 4268 1186 4319 sp.
1211 4253 1265 4304 Oct.
1288 4280 1321 4288 —

151 4322 320 4392 δομένῳ.-
338 4322 365 4387 3)
386 4319 398 4337 ”
451 4340 499 4375 om.
516 4325 591 4373 Hom.
608 4324 680 4386 XVI,
692 4318 716 4386 4,
760 4319 777 4371 4
811 4317 930 4380 ἀκούσας
945 4323 991 4372 καὶ
1004 4324 1100 4390 χαρεὶς
1116 4322 1191 4370 Hom.
1204 4317 1266 4382 XX,
1281 4318 1320 4381 11,

151 4397 239 4441 nostra
259 4391 329 4458 apis.
349 4341 479 4458 etffap.
496 4392 549 4441 Cot.
567 4419 601 4427 -
620 4387 649 4457 4)
667 4385 717 4443 οὖν
760 4395 847 4440 nostra
862 4390 931 4456 Epit.
948 4393 973 4440 et
990 4391 1021 4440 al.
1041 4407 1080 4457 ap.
1098 4392 1151 4440 Cot.
1173 4415 1207 4425 -
1227 4382 1255 4454 ὁ)
1268 4385 1321 4456 ἔφη
