3162 4900
248 321 311 383 298
557 337 586 384 r.
604 335 801 386 wmssssm
813 335 1000 385 surorum.
1014 334 1118 384 cumr.

269 493 315 538 ost
327 483 348 538 ὤ
371 503 447 546 νοεν,
486 482 543 538 uod
556 488 601 535 est
618 501 644 536 v.
660 483 685 550 4,
701 483 810 552 virgula
827 481 1018 536 incideret-
1041 481 1120 534 Idem
1138 485 1183 533 est
1200 480 1229 533 in
1247 480 1322 550 Epit.
1340 481 1425 548 prior.

249 501 279 606 ii.
294 505 396 606 Oviil.
431 549 476 603 Ru
498 567 550 603 nus
567 549 675 622 legisse
687 549 812 603 videtum
831 551 848 605 ό
855 573 882 604 τι
901 548 986 624 μετὰ
1003 549 1053 605 τὸν
1069 548 1285 620 ἀναγνωρισμὸν
1305 547 1360 627 ὑπὸ
1379 553 1429 616 τῆς

249 623 353 688 πολλῆς
368 621 454 699 χαρᾶς
477 640 490 672 τ
511 621 582 690 οηης
605 623 770 696 μεταλαβεῖν
791 618 841 672 οὐκ
860 617 1027 696 ἦδονήβη,
1042 618 1256 696 Ιἱτττοιηντολετλιτο
1281 632 1356 668 emm
1381 625 1429 694 est

247 687 397 759 Recogmt.
416 685 481 750 VII,
493 639 539 740 gb:
564 701 650 754 „qma
671 703 705 739 ex
722 702 776 754 quo
793 691 990 755 recognoverrt
1006 684 1097 737 filium
1117 701 1185 752 prae
1206 683 1297 736 multo
1318 683 1428 754 gaudio

248 755 342 809 eibum
360 770 460 824 capere
477 753 590 807 omnino
607 769 642 805 ne
664 753 795 806 uiverit.“
825 753 886 808 Ὅτι
906 753 994 806 babet
1015 753 1101 805 ctiam
1121 751 1183 804 cod.
1205 749 1323 820 OEpit,
1344 751 1427 804 alter.

249 821 441 878 C.CVIII.-
465 820 622 874 V.7recte
669 820 804 873 resselius
822 820 876 874 scri
899 821 950 874 sit:
973 825 986 875 ἐ
1008 819 1149 892 ιιρτόρησε.
1185 819 1308 872 Probum
1329 823 1427 871 tamen

248 896 293 944 est
306 891 392 944 etIsm
403 893 455 960 ἐμα
475 889 557 960 τὺρει,
572 889 647 957 quod
658 888 766 942 editum
777 893 821 942 est
834 888 863 941 in
875 838 951 958 ipit.
965 843 1046 942 aiier.
1059 887 1090 941 C.
1104 885 1200 939 CVIII
1213 892 1242 940 et
1255 903 1322 964 prae
1333 886 1427 939 oculis

248 955 437 1020 sublimine,
456 911 474 1009 i.
492 975 515 1012 c.
532 955 745 1024 interpretanti:
768 956 975 1022 „testabatur“.
1010 954 1050 1007 At
1070 954 1186 1008 miretur
1204 954 1282 1023 quis,
1302 971 1333 1006 nr
1348 954 1428 1022 Epit.

268 1024 331 1078 rior.
348 1023 378 1078 C.
393 1023 486 1077 CVIII
503 1041 533 1077 re
555 1024 673 1076 ositum:
691 1023 873 1094 μαρτυρήσει,
895 1023 969 1093 quod
987 1023 1068 1078 furca
1085 1028 1145 1076 erat
1163 1021 1372 1091 expellendum.
1394 1053 1429 1060 ——

274 1091 331 1144 uod
343 1110 367 1143 v.
380 1092 397 1143 9
409 1099 439 1143 et
453 1093 482 1144 11
497 1042 605 1145 reiicis
618 1089 642 1144 0
656 1091 808 1144 lectionem
823 1091 1030 1152 φαοστινιανὸς
1047 1090 1153 1160 sprevit
1166 1089 1341 1153 Dresselius‚
1354 1089 1429 1142 satis

248 1159 348 1212 mirum
364 1165 422 1224 est3
443 1157 493 1214 cfr.
510 1158 594 1212 modo
606 1177 632 1228 p.
645 1159 703 1226 286,
718 1160 740 1211 1.
757 1189 791 1196 -
807 1158 842 1214 V.
856 1161 913 1212 12³
936 1201 941 1212 .
959 1175 1031 1227 quae
1049 1167 1093 1211 est
1110 1157 1139 1210 iu
1157 1157 1218 1210 cod.
1232 1155 1254 1209 C
1274 1157 1428 1226 scriptura,

248 1226 369 1282 habetur
385 1227 472 1280 etiam
489 1225 518 1279 in
535 1225 611 1295 Epit.
629 1226 709 1279 alter.
724 1223 754 1278 C.
768 1225 870 1280 CVIII.
936 1226 1030 1280 idetur
1048 1241 1081 1279 ea
1099 1225 1141 1278 sic
1160 1241 1222 1278 esse
1241 1225 1427 1295 corrigenda:

249 1294 355 1366 ἡμέραν
368 1299 416 1362 τῆς
427 1295 472 1348 vel
485 1293 552 1350 ἀπὸ
566 1297 615 1361 τῆς
626 1292 804 1364 ἐπιγνώσεως
812 1299 933 1365 χωρίσαι
946 1298 993 1361 τῆς
1006 1295 1087 1367 ἡμῶν
1100 1298 1240 1364 τραπέζης.

317 1363 348 1414 P.
361 1364 420 1426 290,
437 1364 447 1414 1
460 1381 472 1414 s
495 1407 499 1416 .
513 1378 597 1442 quam
607 1361 712 1414 Homil.
723 1361 837 1414 codices
847 1362 986 1431 praebent
995 1361 1172 1430 scripturam,
1185 1377 1215 1412 re
1237 1359 1325 1412 eritur
1336 1359 1426 1413 etiam

249 1429 279 1482 in
292 1429 372 1484 libris
385 1447 464 1483 mser.
475 1377 554 1500 ipre.
564 1427 648 1508 prior.
662 1428 691 1482 C.
703 1428 779 1492 CIX,
791 1446 845 1482 nec
856 1428 971 1482 dubium
985 1435 1039 1494 est,
1056 1428 1124 1498 quin
1136 1445 1202 1497 prae
1217 1427 1322 1480 erenda
1335 1427 1375 1480 sit
1388 1427 1426 1493 ei,

249 1514 321 1566 quae
335 1497 413 1551 edita
425 1503 470 1550 est
483 1497 511 1550 iu
524 1497 600 1566 Eprt.
612 1497 693 1550 alter.
707 1495 737 1550 C.
748 1495 822 1550 CIX.
858 1496 978 1550 Itufinus
992 1496 1146 1550 secuudum
1162 1495 1256 1560 verba,
1270 1511 1343 1563 quae
1357 1501 1427 1548 sunt

250 1565 279 1618 in
302 1565 451 1636 ltecognit.
470 1565 535 1631 v11,
552 1565 598 1617 37:
626 1581 701 1630 „non
718 1582 769 1617 nos
785 1565 882 1618 vincat
899 1565 1042 1636 malignus
1065 1563 1215 1616 occasione
1236 1569 1358 1632 accepta
1378 1580 1430 1632 per

249 1631 383 1710 affectum
404 1634 532 1698 matris‘t,
556 1632 649 1686 locum
674 1649 771 1684 rursus
790 1633 874 1686 aliter
897 1632 1032 1702 scriptum
1052 1631 1211 1702 repperisse
1236 1630 1358 1696 videtur,
1386 1630 1429 1683 sic

250 1716 363 1770 opinor:
378 1699 527 1771 πρὸρασιν
540 1700 659 1770 εὑροῦσα
673 1702 705 1772 τῇ
717 1699 823 1769 μητρὸς
835 1703 948 1772 στοργῇ.

317 1767 348 1820 Ρ.
360 1768 420 1832 291,
434 1768 458 1832 1,
471 1769 496 1834 2,
513 1769 544 1820 16
561 1767 671 1820 mireris
690 1783 746 1820 non
762 1773 893 1836 receptas
915 1761 1023 1821 c'odicis
1041 1765 1072 1820 Ο.
1093 1765 1261 1836 scripturas:
1281 1765 1332 1834 τὴν
1355 1765 1431 1836 πρὸς

249 1833 335 1890 αὐτὸν
347 1838 392 1888 ἐπι
418 1839 496 1900 ιξίαν,
511 1837 664 1894 λυσσῶντα,
679 1837 848 1906 λοιδορῆται.

318 1902 349 1955 Ρ.
370 1904 387 1955 2
406 1904 421 1954 2
440 1903 547 1968 locum,
571 1901 620 1970 qui
639 1909 682 1954 est
699 1920 723 1954 v.
740 1902 756 1953 2
774 1919 823 1971 sq.,
843 1919 896 1973 ego
914 1902 956 1956 sic
974 1901 1208 1971 interpunxerim:
1231 1903 1290 1956 ἔστι
1311 1903 1342 1955 dt
1359 1902 1432 1975 αὐτῇ

251 1968 355 2034 κάλλος,
370 1969 386 2038 ἡ
398 1974 427 2025 ἐν
440 1973 472 2044 τῇ
486 1973 562 2044 ψυχῇ
575 1969 697 2042 εὐνομία.
710 1969 802 2040 μόρου
815 1971 844 2024 δὲ
861 1976 946 2032 πνέει,
960 1973 1008 2036 τῆς
1018 1969 1125 2039 ἀγαθῆς
1137 1968 1237 2040 φήμης.
1251 1997 1284 2008 -
1300 1966 1430 2022 Subinde

252 2037 281 2090 in
299 2038 491 2107 manuscripto
509 2037 694 2090 Dresscliano
713 2053 811 2090 revera
831 2053 846 2090 e
866 2037 965 2090 codIce
984 2037 1007 2090 Ο
1026 2043 1170 2090 enotatum
1190 2036 1314 2105 reperio:
1331 2035 1430 2108 φόρεα,

249 2122 321 2174 quae
334 2122 389 2158 vox
402 2112 447 2157 est
459 2104 550 2160 nihili.
570 2103 756 2158 Scribendum
765 2105 864 2174 procul
878 2104 976 2158 dubio:
991 2127 1009 2175 η
1019 2104 1055 2175 rip
1064 2127 1090 2174 η,
1105 2105 1152 2157 oui
1165 2103 1335 2157 correctioni
1349 2104 1431 2157 favet

250 2173 336 2226 etiam
349 2172 459 2226 codicis
473 2172 495 2226 C
509 2172 649 2242 scriptura
666 2181 756 2243 ηορεῐ.
772 2205 806 2212 -
824 2173 858 2227 V.
875 2175 904 2226 19
921 2173 1032 2226 mireris
1047 2189 1103 2225 non
1120 2177 1264 2241 receptam
1283 2169 1432 2225 codicisO

250 2240 416 2293 lectionem:
436 2245 496 2302 πῶς
513 2240 563 2308 τὴν
579 2239 700 2313 ἀόρατον
720 2249 884 2311 προαίρεσιν
898 2248 1083 2310 σωηρονίσει;
1104 2257 1154 2309 pro
1168 2257 1224 2308 qua
1237 2239 1325 2292 etiam
1339 2239 1433 2293 codex

250 2307 427 2390 Cnspondet,
445 2308 496 2391 sed
511 2308 665 2362 admissam
680 2307 852 2378 Schuegieri
870 2309 1075 2378 conjecturam:
1095 2306 1167 2379 πρὸς
1187 2307 1247 2363 τὸν
1264 2307 1304 2380 μὴ
1322 2308 1434 2376 ὁρῶντα

409 2395 441 2431 ον
460 2395 510 2432 σει.

390 2398 421 2510 ς9,
435 2400 494 2497 Vct
505 2443 531 2510 5,
544 2441 693 2496 Dresselio
706 2442 888 2512 recipiendae
906 2447 986 2496 erant
1003 2441 1112 2496 codicis
1131 2439 1155 2493 Ο
1173 2441 1227 2495 scri
1249 2447 1345 2496 turae:
1365 2445 1434 2498 ἐσο-

249 2517 338 2580 μένην
357 2515 428 2568 Θεοῦ
444 2519 549 2584 κρίσιν,
568 2517 610 2564 et:
630 2511 771 2579 ἐρεσβιιι.
806 2511 852 2564 De
869 2510 1025 2580 posterIore
1043 2509 1092 2564 cfr.
1105 2528 1130 2564 v.
1146 2513 1185 2562 11.
1222 2459 1329 2564 Contra
1347 2510 1383 2564 V.
1400 2512 1431 2562 14

199 2597 203 2604 ·
250 2577 439 2647 pracferenda
450 2585 511 2632 erat
524 2578 632 2632 codicis
683 2579 784 2632 lectio:
799 2585 954 2652 πενομένῳ.

318 2645 349 2698 Ρ,
362 2645 421 2712 294,
437 2649 466 2699 11
486 2646 619 2718 equidem
637 2665 693 2701 non
710 2647 876 2700 mutaverim
894 2645 1024 2700 codicum
1037 2643 1221 2714 scripturam:
1234 2651 1377 2715 βλέπεται,
1393 2663 1433 2700 sc.

261 2713 267 2729 ¹
286 2733 332 2767 ιτοι
354 2721 402 2768 ela.

256 2735 287 2784 η’
348 2782 426 2847 295,
439 2779 465 2849 4,
489 2781 547 2834 reci
570 2781 655 2835 ienda
673 2787 734 2834 erat
755 2781 864 2834 codicis
886 2779 909 2833 0
932 2779 1084 2860 scriptura:
1107 2787 1131 2834 εἰ
1172 2779 1332 2834 Secundam
1349 2799 1433 2835 voca-

249 2846 311 2966 biuki
327 2854 390 2966 εζτε,
411 2848 486 2968 qpod
508 2799 597 2967 corietx
615 2848 783 2918 Cporrigit‚
808 2848 948 2920 syllabam
968 2848 1196 2919 drssographiae‚
1214 2865 1298 2917 quam
1316 2854 1433 2914 vocant,

274 2931 351 2967 eerr
387 2933 490 2969 acrca
530 2933 599 2968 are.

319 2953 419 3044 P.’296,
429 2985 439 3034 1
451 2934 594 3052 sqiiphaec
603 2981 783 3050 reperiuntur
793 2980 884 3034 edita:
898 2983 1037 3038 τοσοῦτον
1045 2982 1156 3054 ἀγανὸν
1166 2983 1345 3054 σωφροσύνη.
1359 2990 1385 3039 εἰ
1393 2983 1434 3055 μὴ

251 3047 293 3100 ὅτι
308 3046 396 3117 νόμος
408 3048 450 3115 ἦν,
463 3051 534 3119 μηδὲ
548 3052 660 3104 δίκαιον
672 3048 846 3116 ἀβάπτιστον
860 3054 898 3109 cic
910 3047 959 3116 τὴν
971 3056 1113 3117 βασιλείαν
1126 3053 1177 3104 τοῦ
1196 3055 1268 3109 Θεοῦ
1283 3057 1433 3112 εἰσελθεῖν,

253 3111 320 3182 τάχα
333 3131 390 3168 που
403 3119 460 3171 τῶν
472 3118 564 3171 ἐθνῶν
577 3122 605 3169 οἱ
623 3121 834 3191 πεπλανημένοι
853 3115 900 3170 διὰ
917 3117 1106 3188 σωφροσύνην
1121 3117 1214 3192 μόνον
1227 3122 1352 3187 σωνηναι
1369 3119 1434 3173 ἐδό-

251 3200 343 3236 ναντο.
379 3180 419 3234 At
432 3181 564 3251 quianon
577 3181 686 3251 videat,
700 3183 729 3236 in
746 3184 845 3253 primis
859 3183 953 3236 verbis
970 3185 1078 3254 aliquid
1093 3203 1156 3239 esse
1169 3185 1335 3240 turbatum?
1360 3185 1435 3240 Scri-

250 3247 374 3302 bendum
390 3250 489 3318 procul
506 3249 606 3304 dubio:
627 3256 766 3307 τοσοῦτον
783 3251 892 3324 ἀγανὸν
908 3253 1090 3324 σωφροσύνη,
1115 3253 1172 3315 ὅτι,
1191 3261 1215 3308 εἰ
1237 3253 1276 3326 μὴ
1290 3253 1379 3326 νόμος
1392 3252 1435 3320 ἣν,

252 3322 319 3400 cett.
340 3317 493 3372 Praeterea
510 3324 672 3398 corruptum
684 3319 799 3398 videtur
819 3319 989 3406 vocabulum
1009 3320 1108 3392 μόνον.
1145 3320 1290 3400 Conjiciat
1311 3321 1434 3390 aliquis:

250 3385 920 3525 ttttt‚Stttittttttttt‘trattgtt
933 3403 999 3521 οιῗι,
1013 3388 1436 3526 itttttttttffffltttt

251 3525 312 3570 tum
325 3526 420 3573 autcm
432 3522 581 3590 pudicitia,
595 3521 697 3602 inquit,
712 3523 764 3575 deo
776 3523 886 3592 piacita
896 3526 949 3588 est,
962 3528 994 3575 ut
1007 3524 1093 3576 etiam
1104 3523 1149 3576 his
1178 3525 1208 3576 ui
1220 3524 1250 3576 in
1262 3539 1356 3577 errore
1368 3530 1436 3577 sunt

251 3587 346 3655 positi,
359 3589 488 3641 nonnihil
501 3589 612 3656 gratiae
631 3608 659 3642 m
676 3590 821 3658 praesenti
840 3588 968 3643 conferat
985 3591 1071 3644 vita“.
1094 3623 1127 3630 -
1171 3592 1223 3645 ,12
1237 3608 1277 3660 sq.
1296 3608 1355 3644 non
1373 3598 1437 3645 erat

251 3653 454 3722 vilipendenda
471 3657 578 3710 codicis
597 3655 620 3709 O
644 3657 797 3726 scriptura:
820 3657 898 3719 ὅπως
915 3661 945 3712 ἐν
962 3662 1101 3739 σκεπεινρ]
1122 3663 1170 3726 τῆς
1187 3659 1331 3727 θαλάσσης
1354 3658 1437 3731 τόπῳ

252 3719 384 3797 ἐλθόντες
397 3721 429 3775 τὰ
442 3727 494 3777 τοῦ
504 3731 701 3795 βαπτίσματος
715 3724 919 3796 σβεόιόστομεν,
939 3725 1067 3793 quamvis
1081 3744 1109 3779 ln
1122 3725 1251 3795 margine
1263 3727 1438 3780 adnotatum

252 3791 290 3837 sit
307 3786 342 3839 de
359 3790 510 3855 postremis
531 3797 666 3860 quattuor
687 3783 795 3845 verbis:
819 3799 997 3862 παρένθετον
1013 3794 1067 3874 (sic
1090 3795 1165 3848 cuim
1184 3795 1378 3854 scribendum)
1392 3803 1437 3850 καὶ

252 3851 349 3909 νόθον.
385 3855 537 3924 Reperitur
549 3859 600 3912 ilia
612 3859 675 3928 ipsa
691 3859 832 3928 scriptura
849 3859 879 3914 in
891 3859 966 3928 Epit.
985 3878 1068 3929 pr1or.
1083 3861 1113 3915 C.
1128 3861 1207 3930 CIX,
1225 3862 1281 3915 nisi
1295 3863 1373 3931 quod
1386 3881 1438 3932 pro

252 3921 383 3983 ἐλθόντες
399 3923 519 3992 legitur:
538 3926 694 3998 γενόμενοι.
731 3927 800 3981 Cum
819 3927 918 3981 codIoe
936 3927 971 3992 C,
991 3931 1073 3999 cujus
1088 3930 1257 4000 scripturam
1268 3947 1437 3998 repraesen-

252 3988 368 4042 tendem
382 3991 492 4067 curavit
504 3991 679 4059 Dresselius,
693 3995 837 4047 consentit
849 3995 925 4064 Epit.
938 3995 1017 4048 alter.
1031 3996 1061 4049 C.
1076 3996 1152 4063 CIX,
1164 3997 1219 4051 hoc
1232 4015 1288 4051 uno
1302 4005 1436 4067 excepto,

252 4055 386 4134 quodyel
409 4074 438 4109 m
455 4075 488 4111 ea
504 4076 560 4112 non
576 4061 755 4128 reperiuntur
771 4063 870 4116 verba:
893 4066 923 4117 ἐν
943 4063 1139 4134 ακατασκὸπῳ.
1176 4065 1251 4119 Hinc
1274 4066 1439 4135 suspicetur

252 4120 355 4234 alrpurs
383 4123 458 4200 ‘haec
477 4125 562 4178 verba
580 4143 614 4179 ex
626 4127 879 4196 interpretamento
892 4131 1053 4183 verborum:
1077 4136 1107 4188 ἐν
1125 4135 1274 4204 σκεπεινρῖ,
1287 4139 1351 4186 orta
1364 4151 1438 4187 esse.

254 4183 289 4234 Se
322 4159 453 4241 duiutare
466 4191 544 4268 licet,
558 4211 622 4245 num
634 4195 705 4262 jure.
725 4195 809 4249 Certe
823 4198 857 4264 ei,
871 4199 920 4269 qui
934 4199 1102 4267 scripturam
1114 4207 1250 4270 βαπτίσαι
1266 4203 1440 4274 δυνηθῶμεν

253 4251 399 4328 amplexus
421 4254 519 4321 fuerit,
538 4277 595 4312 non
617 4267 698 4313 erunt
719 4264 866 4317 tentanda.
901 4263 1002 4334 Neque
1028 4285 1144 4336 prorsus
1166 4268 1243 4322 idem
1268 4267 1439 4339 significant

254 4313 394 4368 drctrones
408 4322 437 4373 ἐν
450 4329 589 4394 σκεπεινῴ
606 4326 684 4395 τόπῳ
698 4335 726 4381 et
743 4332 773 4384 ἐν
789 4330 979 4400 ἀκατασκόπῳ.
998 4335 1154 4398 Σκεπεινὸς
1168 4335 1257 4399 τόπος
1275 4343 1321 4389 est
1334 4337 1437 4402 „locus

252 2394 394 2497 ”mitt
