3162 4900
358 331 405 380 an
419 332 618 384 scansurus
632 333 713 384 nou.
726 334 1099 390 comessandum.
1253 324 1317 390 323

131 479 217 534 enim
229 478 311 549 plura
327 480 432 533 menda
449 485 558 533 certum
576 487 628 534 est.
662 479 702 532 Et
738 481 839 534 rimum
856 482 971 552 quidem
989 483 1078 538 dictio
1095 491 1141 540 καὶ
1156 485 1319 548 αδτόςλοπί

133 565 198 602 non
216 552 320 616 potest.
357 546 454 625 Sensit
475 547 616 626 ejusmodi
634 547 704 617 quid
718 499 895 617 bresselius,
917 551 1005 604 verba
1026 551 1068 605 sic
1087 553 1176 606 latina
1192 553 1317 608 faciens:

132 613 847 752 attittttttttttdtttltpttdlt?
864 618 1319 748 limaiiliet‘llliiltntlll'l

134 755 228 804 antea
260 748 375 803 saltero
387 765 454 820 rege
465 749 573 802 dictum
587 749 810 819 οολιβασιλεόειν
840 708 1048 822 ειροάορνεῐεαιλ
1059 753 1172 808 Deinde
1185 754 1273 810 iuver
1294 756 1319 808 is
1351 777 1353 784 ·

137 821 173 873 ἐν
191 825 251 878 τοῖς
269 820 389 888 παροῦσι
409 816 591 870 intercidisse
608 817 778 888 particulam
797 772 922 888 adquam
940 820 1164 888 adversativam,
1185 839 1253 877 vero
1273 829 1318 876 est

136 883 245 937 simile.
269 883 402 952 Denique
415 883 515 939 dubito
530 902 566 938 an
579 890 636 937 tam
650 886 880 954 supplementum
889 887 1031 941 Dresselii
1042 887 1097 942 ἀλλ’
1113 905 1196 958 quam
1209 888 1318 944 codicis

136 951 283 1020 scriptura
296 950 331 1013 ὥς
343 951 497 1020 genuinam
510 951 657 1021 scriptoris
670 970 783 1005 manum
795 971 853 1007 non
864 960 999 1024 praestet.
1022 955 1137 1042 Ergone
1150 956 1318 1027 legendum:

138 1022 172 1076 ἔν
185 1022 223 1075 δὲ
236 1025 295 1079 τοῖς
306 1022 442 1088 παριοῦσι,
462 1017 512 1087 πλην
525 1025 682 1090 παρρησίαν
700 1023 774 1092 ἔχειν
791 1021 824 1076 ori
842 1021 1004 1096 δυνάμενος,
1025 1019 1093 1095 [ου]
1103 1031 1177 1085 τοῖς
1195 1024 1248 1095 (so.
1261 1033 1320 1088 τοῖς

137 1085 332 1157 ἀνθρώποις),
350 1093 392 1147 τίς
408 1085 471 1140 ποτ’
490 1089 550 1142 λστὶ
567 1086 715 1143 λανθάνειν
733 1108 777 1142 πει
799 1086 920 1159 ιόμενος,
940 1088 973 1144 τά
990 1107 1046 1176 συμ
1073 1097 1173 1163 ἐροντα
1195 1101 1318 1169 σνμβον·

140 1153 235 1209 tedes?
251 1183 286 1194 -
298 1153 331 1207 V.
344 1150 378 1204 14
389 1152 554 1207 Dresselius
568 1153 696 1222 scripsit:
710 1157 766 1210 τῶν
779 1110 810 1212 dt
823 1156 875 1212 δύο
888 1155 996 1212 ιοόιων
1008 1157 1033 1229 [ο
1047 1111 1148 1229 broce]
1163 1158 1213 1212 τὸν
1223 1162 1319 1232 ἕτερον

138 1219 299 1290 ἐκβιάζεται.
335 1220 373 1274 Et
386 1237 453 1274 sane
472 1221 576 1275 lacuna
593 1227 644 1274 aut
659 1221 713 1276 hoc
726 1223 812 1278 modo
832 1241 866 1277 ex
886 1224 973 1278 lenda
985 1229 1030 1279 est
1042 1225 1103 1293 (cfr.
1115 1243 1143 1294 p.
1155 1226 1215 1293 329,
1228 1226 1254 1293 6)
1267 1231 1318 1281 aut

144 1289 198 1354 ita,
211 1293 242 1340 ut
254 1284 417 1360 ἑκάτερος
430 1288 581 1355 inseratur,
595 1305 650 1358 quo
665 1289 700 1342 de
712 1290 769 1343 vid.
803 1331 808 1341 .
820 1291 855 1344 38
873 1329 882 1357 ,
896 1293 936 1344 16.

212 1355 243 1408 P.
255 1353 345 1422 398,6
362 1355 493 1410 dubitare
511 1355 592 1421 licet,
614 1373 665 1436 pro
684 1360 764 1425 δίκην
780 1365 915 1426 υπίσχαν
932 1363 1025 1411 utrum
1042 1359 1067 1411 δ.
1086 1356 1224 1428 ὑποσχεῖν
1241 1362 1316 1414 and.

141 1422 261 1492 ὑπέχειν
273 1421 454 1476 scribendum
476 1422 521 1476 sit.
557 1422 630 1476 Mihr
650 1430 787 1478 accentus
807 1427 918 1479 ratione
938 1424 1039 1479 habita
1061 1424 1181 1479 alterum
1201 1425 1317 1480 facilius

139 1491 267 1558 ideoque
279 1488 457 1558 probabilius
469 1490 591 1546 videtur.
620 1489 667 1543 An
679 1491 744 1559 quis
756 1491 903 1545 existimat
913 1493 1038 1561 positum
1049 1491 1155 1545 fuisse:
1168 1493 1318 1563 ὑπίσχεινλ

138 1588 176 1598 ——
187 1557 223 1612 V.
236 1558 288 1610 lds
311 1599 316 1609 .
330 1574 415 1626 quum
429 1557 632 1630 συμβεβηκόσιν
644 1557 773 1642 ineptum
784 1564 815 1612 et
827 1558 913 1613 verbo
932 1559 1014 1614 finito
1033 1575 1104 1629 opus
1118 1559 1170 1626 sit,
1191 1578 1248 1614 non
1268 1563 1317 1615 du·

140 1624 213 1692 bito,
227 1624 294 1693 quin
319 1641 334 1677 e
357 1626 462 1678 endum
475 1625 527 1678 sit:
546 1635 652 1699 συμβε
678 1645 814 1694 ηκασιν,
834 1627 910 1694 „orti
922 1631 1016 1680 sunt“.
1027 1658 1063 1668 -—
1084 1624 1119 1680 V.
1132 1627 1234 1714 18sqq.
1246 1627 1318 1683 haec

141 1691 282 1746 habemus
294 1643 395 1746 voldra:
409 1691 477 1748 ὅθεν
489 1691 524 1760 δὴ
536 1699 581 1747 καλ
594 1713 685 1762 πατηρ
698 1693 830 1763 τυγχάνει
840 1693 933 1763 πάσης
945 1695 1042 1758 οὐσίας
1051 1692 1136 1762 οὔσης
1145 1715 1258 1768 γνωμης
1270 1701 1318 1766 τῆς

143 1758 215 1814 κατὰ
227 1759 278 1826 τὴν
289 1765 400 1830 κρᾶσιν·
413 1763 463 1822 ἔξω
475 1759 526 1830 γὰρ
537 1769 684 1834 ιιραθεῖσιν
694 1760 791 1823 αὐτοῖς
807 1761 845 1823 ὠς
858 1762 956 1817 ιεκνὸν
968 1763 984 1832 ἡ
997 1769 1087 1835 προαί
1103 1779 1162 1824 εσις
1173 1761 1316 1834 ἐγεννήθη.

142 1827 272 1890 Quorum
284 1827 405 1896 priorem
418 1833 529 1896 partem
540 1833 701 1897 conuptam
713 1845 777 1882 esse
788 1847 839 1898 pro
853 1835 931 1884 certo
943 1828 1046 1886 habeo.
1099 1829 1213 1884 identur
1224 1838 1317 1884 autern

144 1894 222 1947 inter
234 1895 330 1956 οὐσίας
342 1899 371 1948 et
382 1894 466 1961 οὔσης
473 1894 556 1964 plura
563 1895 651 1949 verba
661 1896 810 1965 excidisse,
823 1896 965 1966 inquibus
976 1897 1249 1952 deortudnorumre
1290 1915 1319 1952 m

80 1967 84 1974 “
143 1961 193 2014 vel
213 1961 315 2014 ducum
334 1978 424 2015 sermo
437 1967 506 2016 erat.
541 1962 588 2015 Ad
609 1962 663 2017 hos
683 1963 760 2017 eninr
777 1969 891 2034 spectat
910 1965 1080 2019 vocabulum
1102 1965 1205 2028 αὐτοῖς.
1267 1970 1316 2020 nte

141 2028 215 2084 ὅθεν
226 2027 261 2095 δὴ
274 2033 382 2096 puncto
395 2028 503 2082 minore
516 2028 707 2083 incidendum.

212 2095 243 2148 P.
255 2096 314 2158 399,
327 2096 410 2165 Vsqq.
426 2095 589 2149 Dresselius
607 2097 733 2167 scripsit:
751 2097 821 2155 ὅθεν
840 2099 954 2167 καλιὴν
974 2102 1145 2171 ἐπιθυμίαν,
1167 2099 1204 2162 ὥς
1220 2097 1318 2156 ἄλλοτε

142 2161 261 2235 eilmod,
279 2163 416 2232 διαδοχὴν
426 2170 494 2246 βίου
505 2165 629 2233 ἔχοντες,
648 2163 750 2232 ταύτην
765 2170 1011 2240 πληροφοροῦοιν,
1029 2167 1066 2246 uic
1077 2169 1174 2238 ἔτυχεν
1185 2166 1316 2242 ἡμ[ίρων]

142 2233 258 2286 παίδων
269 2233 372 2302 ηθορᾷ,
388 2229 404 2298 ἢ
415 2230 482 2306 άλλη
495 2237 550 2287 τινὶ
565 2231 749 2306 κολακευοόση
761 2233 890 2305 ἁμαρτίᾳ.
911 2235 995 2298 Quod
1005 2251 1098 2303 prrors
1110 2235 1214 2288 lacuna
1225 2241 1320 2306 poste-¹

139 2297 245 2352 riorem
261 2297 341 2350 verbi
363 2300 445 2352 εἶπον
470 2297 610 2368 syllabam
632 2297 795 2368 absorptam
816 2316 881 2352 esse
900 2299 1088 2364 existimavit,
1110 2301 1317 2369 proculdubio

140 2382 239 2418 verum
252 2363 333 2418 vidit.
353 2363 409 2418 Cir.
423 2364 458 2418 de
471 2382 501 2418 re
514 2365 718 2434 p.3eo,18sqq.
737 2363 794 2419 Sed
805 2382 923 2421 necesse
933 2373 978 2420 est
988 2374 1054 2436 post
1065 2365 1138 2420 illud
1149 2368 1317 2421 vocabulum

141 2432 231 2486 etiam
251 2432 391 2486 exciderit
409 2432 584 2552 praepositio
602 2438 646 2493 εἰς.
678 2438 729 2494 Εἰς
745 2433 880 2504 διαδοχὴν
898 2442 961 2503 βίου
980 2450 1094 2504 prorsus
1110 2437 1265 2504 respondet
1281 2435 1317 2503 ei,

141 2501 221 2569 quod
233 2499 330 2568 paullo
343 2500 425 2565 infra,
439 2517 464 2552 v.
493 2501 519 2566 3,
531 2499 681 2569 reperitur:
698 2505 744 2554 ἵνα
756 2499 873 2571 διαδοχὴ
887 2509 950 2570 βίου
956 2507 1081 2581 μένηται.
1100 2501 1228 2556 Alteram
1240 2502 1318 2557 lacu-

140 2585 209 2621 nam
226 2583 244 2620 a
255 2566 316 2620 viro
329 2567 414 2622 docto
427 2566 524 2637 inepte
538 2567 679 2636 expletam
692 2583 768 2635 esse,
787 2568 851 2636 quis
867 2586 923 2623 non
935 2567 1053 2636 videat?
1072 2569 1181 2632 Quovis
1197 2569 1318 2641 pignore

142 2635 354 2704 contenderim,
376 2634 470 2688 locum
490 2634 532 2688 ita
555 2633 784 2688 constituendum
802 2653 883 2689 esse:
906 2635 973 2691 ταότ
991 2657 1008 2692 ν
1029 2642 1084 2716 πλη
1104 2658 1118 2690 ο
1145 2641 1262 2710 οροῦσιν
1282 2637 1319 2699 ὡς

142 2706 254 2772 ἔτυχεν,
276 2701 507 2775 ἡμιπεπάνων
526 2703 573 2755 vel
585 2733 619 2742 —
636 2701 667 2754 id
687 2701 763 2770 quod
775 2659 1038 2782 mihioprobabidius
1056 2657 1171 2758 adeius
1187 2735 1222 2744 -
1242 2704 1318 2777 ἧμι-

144 2776 325 2841 πεπείρων
346 2773 456 2825 παίδων
478 2772 583 2842 φθορᾷ.
618 2767 810 2840 Ἡμιπίπανοι
834 2787 895 2824 srve
922 2770 1107 2844 ἡμιπέπειροι
1134 2773 1234 2833 παῖδες
1253 2775 1319 2824 sunt

142 2836 350 2906 ,‚semimaturi,
370 2837 533 2891 semiadulti
549 2835 659 2916 pueri‘t.
692 2835 846 2906 Utriusque
864 2839 1002 2908 adjectivi
1021 2856 1090 2892 usus
1107 2856 1186 2892 rarus
1204 2837 1318 2908 quidem

143 2911 203 2969 est,
231 2910 262 2957 at
283 2910 412 2957 neutrum
434 2905 463 2957 in
487 2904 696 2958 dubrtationem
723 2921 825 2958 vocare
848 2905 926 2961 licet.
962 2906 1141 2978 Vocabulum
1163 2905 1260 2978 φθορὰ
1282 2905 1319 2960 de

142 2971 274 3026 vitiando
294 2972 522 3042 intelligendum.
557 2971 604 3025 De
629 2972 773 3028 occisione
790 2971 941 3028 infantium
957 2991 1050 3044 neque
1067 2973 1319 3045 hic·cogitandum

145 3055 238 3108 neque
255 3039 319 3093 loco
337 3039 493 3108 consimili,
511 3039 560 3108 qui
578 3044 623 3093 est
634 3039 732 3118 12:133,
745 3041 786 3108 10,
808 3041 858 3094 ubi
879 3047 907 3098 ot
924 3047 988 3098 θεοὶ
1007 3041 1189 3113 appellantur
1208 3044 1320 3098 παίδων

144 3114 272 3179 φθορεῐς.
291 3137 326 3146 --
341 3107 490 3160 Adnotatu
507 3107 595 3160 etiam
613 3108 702 3176 digna
718 3107 826 3162 locutio
842 3112 999 3182 ἐπιθυμίαν
1015 3115 1070 3178 πλη
1090 3117 1208 3182 οιρορεῐν
1219 3110 1320 3163 eodem

144 3191 240 3240 sensu,
273 3191 308 3227 uo
320 3174 418 3243 paullo
431 3174 504 3227 infra
516 3177 673 3245 ἐπιθυμίαν
688 3178 827 3244 πληροῦν,
846 3175 985 3230 adhibita.
1010 3132 1149 3231 Similiter
1166 3176 1272 3230 Paulus
1289 3175 1320 3228 in

145 3241 230 3311 epist.
242 3190 272 3294 d
285 3244 320 3295 ad
334 3241 459 3295 Timoth.
471 3259 497 3320 v.
509 3240 526 3294 5
537 3241 647 3311 posuit:
669 3240 719 3306 τὴν
730 3245 875 3297 διακονίαν
887 3260 940 3296 σου
951 3244 1177 3315 πληροφόρησον.
1192 3273 1226 3282 -
1237 3243 1273 3298 V.
1286 3240 1320 3294 14

143 3308 567 3442 ψοὲλξαὲλλλλῗόῗάάὶῗὲάλλάπιλω
574 3307 834 3454 λάῖῗάιόῖλιλάμίάάό
868 3381 942 3431 οιοί
951 3377 1012 3498 giro
1023 3375 1111 3450 Ἀδάμ
1121 3373 1231 3439 ὁποῖοί)
1239 3395 1319 3454 ,τινες

146 3443 227 3504 ὄντες
239 3446 291 3498 δόο
304 3443 502 3515 ἐγεννήθησαν.
521 3442 578 3498 afr.
592 3449 678 3497 etiam
690 3461 716 3498 v.
728 3444 762 3496 10
774 3446 826 3508 etl
846 3475 898 3498 .-—
910 3444 940 3499 V.
981 3461 1031 3513 pro
1045 3450 1164 3517 νομίσας
1176 3459 1318 3520 corrigen-

146 3510 229 3564 dum:
251 3519 403 3586 νομίσης.
425 3542 459 3552 -
477 3511 512 3566 V.
527 3513 560 3565 73
577 3511 686 3565 codicis
700 3509 723 3565 Ο
743 3510 798 3564 scri
819 3515 883 3564 tura
894 3516 940 3566 καὶ
952 3509 989 3572 ὠς
1000 3509 1115 3563 minime
1127 3509 1263 3563 mutanda
1275 3527 1318 3562 rn:

145 3579 183 3640 ὡς
198 3584 256 3643 καὶ,
279 3577 393 3632 sedin:
411 3585 455 3633 καὶ
473 3577 527 3646 ὣς,
549 3585 599 3646 „at
619 3595 655 3632 ue
673 3577 741 3632 ita“.
757 3608 792 3617 -
836 3579 887 3632 .19
897 3595 937 3648 sq.
955 3576 1121 3632 Dresselius
1135 3577 1177 3631 sic
1191 3576 1318 3646 scripsit:

144 3645 286 3714 ἄτρεπτον
305 3645 358 3718 γάρ
372 3653 416 3701 καὶ
431 3646 474 3702 ciel
491 3646 544 3711 α’λν,
563 3596 691 3718 dadsisas]
712 3643 877 3715 προβάλλειν
893 3650 1053 3716 βουληθείη,
1074 3644 1178 3715 ἀνάγκη
1197 3647 1273 3700 πάσα
1285 3643 1318 3698 τὸ

146 3712 377 3787 προβαλλόμενον
389 3713 465 3784 αὐτῷ
477 3712 608 3775 ὠσαότως
621 3712 758 3834 [εἶναιρῖτά
772 3713 863 3770 πάντα
875 3718 915 3786 τῴ
942 3711 1109 3786 εγεννηκότι..
1127 3710 1168 3767 At
1179 3709 1318 3784 άτρεπτον

145 3780 311 3834 mutandum
332 3785 394 3834 erat
412 3780 455 3833 in:
472 3781 652 3852 ι’ίτρεπτος.
678 3779 700 3834 Ο
729 3781 846 3850 .p.401,
860 3783 883 3834 1.
948 3781 1031 3836 einde
1044 3780 1238 3843 dubitandum,
1253 3795 1319 3831 num

147 3848 257 3904 ὁπόταν
269 3848 396 3919 genuina
413 3848 451 3901 sit
467 3848 550 3918 hujus
569 3847 714 3916 scriptoris
732 3866 841 3906 manus.
875 3848 1016 3918 Equidem
1032 3848 1128 3918 potius
1141 3845 1319 3924 conjecerim,

145 3915 277 3986 posuisse
295 3933 372 3968 eum:
395 3912 508 3971 ὁπότε.
545 3913 652 3968 Contra
668 3914 731 3968 fieri
746 3921 844 3984 potest
861 3921 894 3969 ut
911 3933 1008 3969 verum
1025 3914 1129 3967 viderit
1146 3912 1317 3978 Dresselius,

146 4000 234 4067 quum
245 3983 390 4051 lacunam,
409 3999 482 4054 quae
495 3989 539 4036 cst
551 3987 617 4052 post
630 3981 769 4048 ὠςαόιως,
783 3983 910 4052 explevit
920 3999 971 4054 per
981 3981 1098 4034 verbum
1111 3982 1188 4036 εἶναι.
1215 3975 1318 4058 Dictis

146 4049 275 4111 ωςαότως
296 4053 365 4105 ελναι.
386 4057 425 4120 τῷ
445 4050 621 4122 γεγεννηκότι
646 4048 791 4120 significat
815 4050 932 4119 „eodem
955 4049 1020 4127 loco
1047 4063 1124 4116 esse,
1149 4063 1203 4166 ροο
1225 4064 1248 4098 rs
1270 4063 1319 4115 qur

146 4117 275 4189 genuit.“
311 4117 367 4172 Vel
385 4119 427 4172 sic
443 4123 538 4172 tamen
555 4117 634 4170 illam
647 4118 840 4185 conjecturam
856 4134 913 4172 non
929 4133 1020 4171 ausim
1033 4119 1140 4168 certam
1172 4114 1264 4168 abere.

214 4185 246 4238 Ρ.
258 4183 317 4252 401,
332 4184 364 4238 15
380 4185 477 4240 nescio
494 4202 531 4238 an
549 4183 687 4254 scriptum
707 4183 807 4237 luerit:
828 4191 874 4240 καὶ
895 4182 1004 4252 τούτῳ
1024 4181 1108 4256 ταύτῃ
1129 4184 1238 4254 μᾶλλον
1258 4183 1318 4237 ἔστι

146 4256 306 4318 πιστεῦσαι,
319 4240 337 4320 ἦ
349 4258 415 4308 cett.
450 4252 486 4308 In
504 4251 669 4338 apographo
686 4251 873 4306 Dresseliano
889 4257 963 4305 erat:
981 4248 1088 4323 μᾶλλόν
1101 4253 1168 4305 ἐστι.
1186 4279 1220 4328 ,-
1231 4249 1265 4302 V.
1280 4249 1319 4302 18:

147 4320 236 4374 verba
258 4309 390 4378 τοιόῡιον
409 4320 478 4378 κατὰ
497 4325 652 4394 μεταβολην
672 4325 717 4376 καὶ
738 4318 846 4394 τρόπην
863 4335 932 4373 sana
947 4336 1005 4373 non
1021 4321 1096 4371 sunt.
1133 4314 1320 4370 Scrrbsndnm

1075 4402 1119 4443 21*
