3126 4894
583 345 894 396 nruoussnuuan
1258 329 1321 394 203

149 491 230 545 simul
243 489 355 560 seipse
368 490 424 546 ism
436 495 499 545 erat
511 481 666 558 locuturus,
679 490 808 548 introivit
820 491 935 561 quidam
948 507 982 546 ax
994 490 1056 546 eius
1066 491 1194 546 diaconis
1208 491 1320 546 dicens:

148 557 259 624 Simon,
271 557 323 637 qui
333 555 492 613 Antiochia
502 559 582 612 venit
594 558 658 628 ipsa
669 575 802 630 vespera,
819 557 939 613 audiens
950 564 980 612 te
985 558 1157 678 promisisse
1170 559 1205 613 de
1217 559 1322 639 princi·

148 623 1320 764 ttiulttttlttttililfflblitt,liffeimiittttliiittt

149 758 314 814 monarchia
325 777 343 813 a
354 765 384 813 te
396 758 576 830 proferentur
582 731 682 815 ’verba

216 849 340 905 CXXX.
375 851 456 906 Haec
470 851 584 906 dicente
602 851 723 906 diacono
739 869 807 908 ecce
824 852 969 922 ingressus
987 857 1032 906 est
1047 850 1143 906 Simon
1157 869 1220 906 curn
1232 850 1321 906 Athe·

148 919 255 972 nodoro
277 918 400 988 aliisque
423 919 568 972 nonnullis
589 919 745 974 sodalibus.
779 919 818 972 Et
835 925 986 990 antequam
1006 919 1109 973 Petrus
1129 919 1239 989 aliquid
1259 936 1321 988 pro·

147 985 249 1051 ferret,
264 985 326 1055 ipse
338 985 502 1055 anticipans
514 985 569 1040 ait:
590 985 734 1056 comperi,
748 993 777 1042 te
789 986 850 1040 heri
862 985 970 1041 Fausto
982 987 1143 1056 pollicitum
1156 1003 1232 1053 esse,
1246 985 1321 1056 quod

148 1051 232 1106 hodie
249 1051 351 1107 habito
369 1069 497 1106 sermone
514 1053 613 1108 ordine
631 1070 710 1108 esses
727 1059 891 1108 ostensurus
910 1060 940 1108 et
956 1053 1121 1125 incipiendo
1135 1053 1172 1109 ab
1185 1054 1247 1125 ipso
1259 1053 1321 1106 uni·

148 1137 292 1174 versorum
308 1118 447 1186 Domino,
469 1136 533 1174 eum
552 1121 643 1174 solum
664 1121 815 1176 dicendum
839 1138 902 1176 esse
919 1121 1027 1188 Deum,
1048 1121 1122 1176 alios
1142 1138 1209 1175 vero
1229 1136 1321 1190 neque

148 1186 301 1253 dicendos,
318 1203 411 1267 neque
430 1187 648 1254 existimandus,
662 1189 809 1258 quoniam,
822 1189 871 1258 qui
884 1205 967 1243 secus
979 1188 1090 1254 fecerit,
1105 1195 1243 1267 perpetuo
1256 1205 1321 1258 sup·

147 1253 235 1324 plicio
248 1254 424 1309 multabitur.
442 1253 520 1308 Ante
532 1254 628 1322 omnia
638 1261 734 1310 autem
746 1271 811 1310 vere
823 1256 984 1310 vecordiam
997 1263 1075 1310 tuam
1084 1255 1237 1308 demiratus
1249 1272 1320 1320 sum,

148 1322 223 1391 qnod
241 1321 401 1391 speraveris
417 1328 447 1375 te
463 1339 548 1392 posse
566 1321 596 1376 in
611 1328 690 1378 tuam
708 1323 879 1377 sententiam
891 1323 1032 1377 adducere
1046 1323 1135 1375 virum
1152 1321 1320 1392 sapientem,

148 1387 271 1443 adhaec
284 1404 389 1442 senem.
406 1387 448 1442 At
460 1406 532 1458 quae
544 1389 589 1442 vis
600 1406 658 1444 nori
670 1390 824 1456 obtinebis,
836 1407 881 1443 me
913 1390 1072 1444 ctissimum
1103 1393 1234 1442 raesente
1244 1395 1321 1441 tuos-

149 1472 201 1526 que
213 1455 407 1527 redarguente
419 1455 509 1510 ielsos
522 1473 672 1511 sermones.
695 1457 782 1512 Forte
795 1457 870 1512 euim
882 1408 1001 1510 ahsente
1014 1472 1059 1509 me
1069 1406 1206 1524 ddceptus
1218 1453 1322 1508 fuisset

148 1540 179 1576 sa
199 1523 264 1577 iens
281 1539 382 1589 senex,
400 1541 464 1577 cum
481 1523 629 1593 imperitus
648 1524 686 1578 sit
704 1525 851 1590 librorum,
869 1523 971 1593 quibus
984 1523 1059 1593 apud
1071 1521 1193 1576 Iudaeos
1205 1520 1320 1590 publice

147 1589 166 1642 fi
187 1607 219 1644 es
235 1589 338 1644 habita
354 1595 406 1644 est.
441 1590 481 1644 Et
496 1607 571 1644 nunc
587 1591 686 1645 multis
703 1591 797 1646 verbis
819 1590 1023 1661 supersedebo,
1043 1594 1076 1643 ut
1097 1588 1183 1642 citius
1203 1587 1321 1667 promis·
1412 1648 1416 1656 ι

148 1659 258 1712 sionem
278 1661 358 1710 tuam
375 1657 529 1713 confutem.
565 1657 705 1722 Quocirca
722 1675 816 1712 coram
832 1657 915 1712 nobis
937 1656 1111 1728 Scripturam
1128 1655 1228 1727 peritis
1245 1655 1322 1724 quod

147 1724 297 1794 pollicitus
321 1740 352 1778 es
372 1725 469 1795 incipe
494 1725 596 1780 dicere.
636 1724 687 1780 Sin
707 1731 802 1780 autem
825 1725 1073 1796 reprehensionem
1097 1723 1205 1777 veritus
1227 1739 1321 1777 coram

147 1791 231 1846 nobis
247 1791 293 1844 vis
310 1791 479 1860 promissum
499 1792 645 1858 omittere,
667 1793 754 1847 etiam
775 1793 817 1846 sic
841 1791 987 1847 sufficiens
1009 1792 1063 1847 erit
1083 1791 1222 1872 probatio,
1243 1789 1320 1859 quod

147 1858 248 1924 fallas,
265 1858 495 1938 quandoquidem
512 1876 606 1914 coram
622 1859 784 1914 hominibus
801 1859 960 1930 Scripturas
977 1859 1149 1914 callentibus
1166 1875 1223 1912 non
1235 1873 1320 1912 ausus

148 1925 188 1978 sis
201 1926 289 2006 loqui.
325 1925 364 1979 Et
375 1943 442 1980 vero
454 1926 510 1981 iam
523 1943 572 1980 cur
584 1933 719 1997 exspecto
731 1934 763 1980 ut
775 1927 868 1994 dicas,
905 1927 1097 1982 nimaximum
1111 1925 1321 2003 habeatestem

147 1991 369 2062 pollicitationis
380 1999 449 2048 tuae
461 1994 623 2048 adstantem
636 1993 752 2049 senem?
769 1997 807 2049 Et
819 2002 885 2065 post
916 2013 967 2050 acc
979 1995 1067 2050 verba
1078 1999 1187 2064 patrem
1199 1993 1321 2046 intuitus

147 2059 204 2113 ait:
223 2059 282 2114 Dic
294 2059 374 2126 mihi,
388 2061 509 2128 virorum
522 2063 646 2115 omnium
658 2063 916 2132 praestantissime:
930 2078 1024 2117 nonne
1036 2060 1184 2116 istehomo
1193 2059 1248 2114 tibi
1280 2058 1320 2112 ol·

147 2126 247 2181 licitus
265 2132 310 2182 est
325 2133 504 2181 ostensurum
521 2146 551 2183 se
568 2128 667 2196 hodie,
684 2147 770 2184 unum
785 2129 879 2184 Deum
896 2146 974 2197 esse,
992 2145 1046 2184 nec
1063 2129 1150 2183 alium
1168 2127 1252 2181 dicen
1272 2143 1320 2179 um

147 2193 373 2316 gsnstelpbeudum
385 2194 488 2262 Deum,
501 2195 582 2250 illum
594 2203 699 2264 autem,
713 2197 761 2268 qui
774 2213 857 2252 secus
868 2196 979 2264 fecerit,
993 2195 1134 2268 supplicio
1143 2195 1320 2249 multandum

229 2343 364 2400 CXXXI.
400 2346 561 2418 Respondit
585 2353 681 2419 pater:
712 2349 803 2402 Recte
827 2366 844 2402 a
866 2365 911 2402 me
935 2347 1129 2402 testimonium
1149 2346 1320 2426 postulares,

149 2411 261 2480 Simon,
278 2412 304 2466 si
319 2419 405 2468 antea
420 2415 522 2469 Petrus
537 2421 681 2487 negasset.
716 2416 799 2470 Nunc
816 2421 911 2470 autem
928 2432 986 2469 non
996 2413 1115 2468 verebor
1127 2413 1235 2478 dicere,
1248 2427 1321 2481 quae
1417 2473 1422 2482 ⁸

150 2479 274 2534 dicenda
289 2487 362 2534 sunt.
397 2480 528 2536 Arbitror
543 2488 573 2536 te
591 2485 633 2536 ira
650 2483 835 2537 constrictum
852 2499 886 2535 ac
907 2481 1111 2535 inflammatum
1128 2480 1203 2533 velle
1225 2479 1320 2548 dispu-

148 2548 289 2602 tationem
298 2548 456 2619 suscipere,
470 2549 500 2602 id
510 2550 585 2629 quod
596 2566 688 2620 neque
702 2549 835 2604 convenit
847 2555 877 2603 te
889 2548 998 2615 facere,
1009 2563 1101 2617 neque
1114 2563 1165 2599 nos
1174 2545 1230 2624 tali
1240 2561 1321 2624 prae-

147 2614 216 2669 here
232 2631 342 2682 aurem,
361 2617 494 2686 queniam
512 2617 542 2670 id
558 2635 684 2689 pugnam
701 2617 798 2670 videre
816 2621 874 2682 est,
891 2621 921 2670 et
937 2631 995 2670 non
1011 2615 1048 2670 ad
1060 2613 1210 2668 veritatem
1222 2627 1320 2664 iuvari.

149 2681 246 2751 Atque
263 2700 352 2749 nunc,
371 2699 405 2738 ex
425 2682 537 2738 Graeca
553 2685 712 2738 eruditione
731 2683 841 2750 sciens,
859 2700 914 2753 quo
930 2681 1014 2736 modo
1032 2697 1130 2754 gerere
1148 2696 1179 2733 se
1196 2678 1321 2732 debeant

150 2749 362 2819 disceptantes,
383 2751 575 2806 commonebo.
609 2751 737 2822 Uterque
760 2756 885 2804 vestrum
906 2750 1011 2822 dogma
1033 2765 1113 2802 suum
1134 2751 1266 2816 exponat,
1291 2750 1321 2798 ct

149 2816 269 2871 alternis
285 2817 373 2872 verba
387 2817 467 2872 fiant.
502 2818 585 2883 Quod
602 2820 627 2873 si
644 2819 721 2874 solus
737 2819 839 2872 Petrus
857 2817 982 2890 explicet
995 2834 1074 2871 suam
1090 2813 1276 2878 sententiam,
1286 2817 1321 2871 tu

149 2901 216 2938 vero
233 2889 312 2937 tuam
324 2885 460 2952 reticeas,
479 2884 541 2940 fieri
553 2891 663 2956 petest,
680 2892 712 2940 ut
724 2885 828 2956 aliquis
840 2903 858 2940 a
869 2892 900 2940 te
911 2886 1038 2956 prolatus
1051 2899 1141 2936 sermo
1159 2886 1189 2935 et
1200 2886 1278 2933 tuam
1291 2883 1321 2933 et

149 2951 229 3004 illius
242 2951 404 3031 opinionem
415 2959 534 3023 premat,
548 2959 633 3024 atque
645 2959 678 3007 ut
689 2959 953 3024 uterquevestium,
967 2953 1036 3007 licet
1046 2966 1145 3005 revera
1158 2948 1196 3002 sit
1205 2947 1258 3028 iilq
1265 2963 1320 3026 ser-

150 3034 234 3072 mone
246 3025 355 3085 victus,
367 3037 425 3074 non
437 3019 569 3075 videatur
579 3027 675 3076 tamen
687 3028 848 3092 superatus,
860 3022 947 3076 sedis
960 3021 1047 3086 solus,
1060 3017 1108 3089 qui
1121 3034 1200 3071 suam
1212 3031 1321 3085 opinio·

149 3102 215 3139 nem
228 3087 374 3165 exposuit,
388 3087 438 3141 ille
450 3103 531 3154 vero,
544 3089 661 3168 quinon
673 3090 818 3158 exposuit,
835 3107 892 3144 non
903 3089 1034 3143 videatur
1044 3085 1151 3158 pariter
1163 3099 1226 3139 esse
1239 3098 1321 3152 supe-

148 3157 244 3219 ratus,
257 3169 343 3207 immo
355 3171 504 3224 superasse
520 3156 704 3210 existimetur.
738 3156 777 3209 Et
794 3157 892 3211 Simon
906 3155 1069 3225 respondit:
1090 3151 1208 3207 Faciam
1225 3166 1320 3220 quem·

149 3219 301 3274 admodum
319 3221 406 3276 dicis:
424 3239 521 3276 verum
536 3223 621 3277 valde
637 3223 740 3289 timeo,
757 3239 793 3277 ne
810 3223 867 3277 iam
884 3221 974 3292 ipsius
987 3221 1082 3275 verbis
1095 3223 1251 3289 occupatus
1264 3233 1320 3270 non

150 3286 191 3340 sis
203 3287 290 3341 iudex
301 3288 361 3342 veri
374 3289 526 3344 studiosus.

220 3377 369 3433 CXXXII.
405 3381 443 3435 Et
478 3387 540 3436 ater
549 3380 711 3452 respondit:
730 3381 774 3436 Ne
787 3396 832 3433 mc
845 3395 932 3451 cogas
944 3384 1050 3432 temere
1065 3393 1100 3430 ac
1112 3375 1222 3428 indicta
1234 3389 1320 3452 causa

149 3445 205 3498 tibi
217 3447 362 3513 assentiri,
375 3455 407 3501 ut
420 3399 504 3502 iudex
516 3449 615 3504 videar
626 3448 756 3504 veritatis
768 3464 875 3502 amans.
910 3445 991 3508 Quod
1004 3443 1028 3496 si
1040 3459 1108 3497 vera
1119 3441 1216 3496 audire
1229 3457 1319 3509 cupis,

150 3519 201 3566 tua
212 3513 309 3583 potius
322 3516 465 3570 sententia
476 3521 701 3596 praeoccupatus
714 3533 783 3570 sum.
817 3512 861 3568 Ac
874 3511 983 3567 Simon:
1003 3509 1149 3575 Quomodo
1162 3525 1193 3562 es
1204 3523 1319 3577 praeac-

151 3585 282 3650 cupatus,
295 3582 344 3651 qui
356 3582 460 3650 nescis,
473 3584 542 3704 quid
554 3583 696 3638 sentiam?
717 3584 757 3637 At
767 3588 859 3654 pater:
883 3579 983 3636 Facile
996 3577 1124 3634 est-illud
1136 3590 1319 3653 cognoscere,

151 3653 182 3700 et
193 3665 315 3717 quonam
327 3655 422 3719 paeto,
435 3668 472 3704 au
493 3650 510 3702 i.
545 3651 697 3706 Pollicitus
711 3669 751 3719 es,
763 3668 781 3706 a
792 3656 822 3705 te
835 3648 902 3705 falsi
915 3647 1076 3703 convictum
1087 3645 1123 3700 iri
1134 3644 1258 3710 Petrum,
1271 3658 1320 3712 qui

151 3905 222 3971 Epit.
239 3932 273 3940 —
289 3901 316 3969 3)
329 3903 716 3976 dscieyopitvovvetPar.-
757 3911 843 3959 nostro
863 3908 939 3959 Hom.
960 3907 1022 3959 (lod.
1043 3901 1142 3976 ψεύδῃ.
1162 3930 1194 3939 -
1215 3897 1243 3967 4)
1268 3913 1320 3951 σου

151 3968 180 4038 4)
193 3970 265 4024 πᾶσι
277 3987 325 4022 oin.
339 3973 369 4023 0.
758 3975 809 4027 des.
821 3975 849 4025 in
862 3976 892 4025 0.

809 4043 869 4108 (lap.
887 4041 1005 4092 cxxxi.
1038 4035 1066 4106 1)
1085 4035 1268 4109 ssOetPsr2
1286 4057 1320 4066 -

203 4107 263 4173 (lap.
298 4105 403 4157 CXXX.
450 4103 475 4172 1)
500 4105 662 4176 ἐλέγχοντος
686 4109 715 4158 Ο.
757 4104 786 4175 2)
806 4109 846 4158 Ita
865 4113 891 4158 st
906 4113 991 4158 noster
1008 4107 1067 4157 (lod.
1085 4105 1169 4164 Hom,
1189 4113 1320 4179 restauror

152 4199 186 4209 —
202 4169 229 4236 2)
256 4172 314 4224 τῶν
338 4173 366 4222 in
391 4179 477 4224 nostra
504 4175 579 4225 Hem.
606 4175 715 4225 editione
758 4175 812 4224 eod.
828 4176 885 4223 Par.
906 4179 931 4224 et
951 4174 989 4224 ed.
1009 4173 1083 4223 Hom.
1106 4170 1224 4221 cotelern
1243 4167 1318 4216 Hom.

152 4235 236 4358 dm,
249 4235 278 4308 2)
296 4241 440 4308 typothetae
458 4241 551 4292 iniuria
571 4242 716 4291 excidit—
758 4241 830 4302 XVI,
841 4238 865 4290 3.
878 4266 913 4276 -
929 4237 958 4306 3)
970 4241 1077 4305 Πέτρος
1087 4231 1176 4308 μόνος
1187 4236 1239 4286 ord.
1251 4249 1318 4285 socc.

167 4302 240 4386 )1ta
264 4307 311 4358 OV
334 4309 391 4358 Par.
415 4313 440 4358 et
459 4309 534 4359 Hom.
556 4309 593 4360 ed.
618 4309 715 4360 Gotele·
757 4309 785 4358 in
798 4308 827 4357 0.

153 4389 231 4424 nana.
260 4373 348 4426 Scribe
368 4380 412 4426 siit
440 4371 570 4439 Ψεύδεις,
594 4381 638 4427 aut
659 4393 716 4427 cum
