3126 4894
578 325 858 376 urirouuraioii.
1246 313 1303 377 117

119 477 175 526 tcm
188 471 349 542 gradiendi
367 489 419 543 per
429 471 614 542 profundum,
628 472 731 544 ingens
744 479 821 528 certe
835 473 1058 530 Christianorum
1071 477 1224 530 multitudo
1237 485 1305 534 tunc

119 539 155 594 ad
168 541 300 660 coffioris
315 541 515 611 spectaculum
527 541 705 620 properabat.
742 541 848 596 Postea
859 559 926 596 vero
940 549 969 596 et
987 544 1125 597 maximus
1139 544 1200 598 dies
1213 543 1305 600 festus

119 608 206 662 mirac
239 627 290 662 um
307 608 436 675 induxit,
455 614 504 662 aut
541 613 616 662 otius
632 607 686 662 hoc
706 609 872 663 miraculum
892 609 966 664 diem
986 609 1090 664 festum
1104 611 1213 678 effecit,
1229 613 1304 682 quod

119 693 175 729 iion
193 677 286 730 semel
306 677 416 730 editum
436 627 539 729 deinde)
559 675 660 742 desiit,
679 677 730 730 sed
746 694 798 756 per
815 677 1036 748 unumquodque
1055 680 1123 732 anni
1136 680 1305 733 curriculum

119 743 329 813 perficiebatur
341 744 443 798 eodem
456 743 554 810 modo,
573 744 692 814 piasque
705 761 815 798 ammas
835 746 1012 799 convocabat
1025 745 1062 799 ad
1075 747 1198 826 epulum.
1235 747 1305 802 Cum

120 811 254 892 equidem
273 811 348 866 haec
365 811 408 865 ita
425 817 522 865 essent
539 817 568 865 et
586 827 684 866 omnes
701 812 778 866 circa
796 811 970 867 Chersouem
989 812 1145 869 Christiani
1162 815 1200 870 ad
1218 815 1306 872 mirae

118 897 160 934 rci
176 880 351 934 sollemnem
369 878 444 932 diem
470 881 622 948 quotannis
640 886 853 946 concurrerent,
877 881 917 934 ibi
936 881 1021 934 etiam
1041 881 1121 936 Deus
1139 883 1306 938 miraculum

120 947 318 1002 anterioribus
331 947 424 1069 mapgis
438 947 584 1026 inepiuum
597 951 626 1000 ct
640 947 811 1002 admirabile
825 955 964 1018 operatur.

190 1015 340 1069 CLXXV.
392 1031 438 1068 am
450 1033 494 1067 vir
506 1014 620 1084 quidam
634 1015 788 1087 religiosus
801 1033 857 1070 una
870 1034 932 1070 cum
946 1035 1031 1070 uxore
1046 1023 1075 1070 et
1087 1019 1166 1087 prole
1179 1019 1306 1074 mascula

120 1084 262 1138 miraculo
281 1083 337 1136 iam
351 1083 428 1136 edito
441 1083 479 1135 ad
490 1083 623 1152 martyris
636 1099 736 1162 corpus
754 1083 808 1154 ipsi
822 1101 932 1154 quoque
946 1102 1008 1138 cuin
1025 1086 1130 1155 populo
1143 1087 1305 1141 confluente

121 1151 247 1222 profecti
262 1157 337 1204 sunt.
369 1151 463 1222 Igitur
474 1167 580 1220 aequor
593 1167 607 1204 e
620 1151 744 1222 vestigio
757 1151 906 1206 traiiciuut
918 1154 1112 1223 templumque
1124 1154 1154 1206 iii
1167 1155 1231 1207 sinu
1244 1155 1306 1208 eius

121 1221 251 1289 positum
269 1219 419 1290 attingunt
437 1223 570 1288 parentes
588 1235 673 1272 manu
691 1236 807 1288 puerum
831 1220 984 1288 ducentes,
1005 1237 1125 1290 cumque
1143 1221 1219 1275 iutra
1235 1229 1304 1276 tem·

121 1287 204 1355 plum
215 1286 335 1340 fuerunt
347 1291 376 1340 et
389 1291 519 1339 sanctum
533 1285 614 1338 illum
626 1287 765 1339 tumulum
779 1287 949 1354 ambierunt,
964 1294 1021 1341 tuin
1032 1287 1089 1342 alia
1102 1295 1232 1342 sanctum
1244 1306 1305 1359 pre·

123 1355 184 1409 cati
198 1360 277 1420 sunt,
290 1361 351 1407 tuin
383 1371 414 1407 ro
427 1359 495 1407 nato
507 1359 646 1425 rogarunt
659 1370 702 1418 ca,
717 1371 789 1423 quae
802 1363 935 1424 parentes
949 1355 1078 1409 decebat.
1108 1355 1223 1410 Precati
1238 1374 1305 1428 crgo

122 1441 156 1477 ac
170 1423 336 1492 sepulcrum
366 1427 497 1476 erventcr
509 1421 668 1476 exosculuti
686 1427 715 1475 et
735 1423 890 1492 complexi,
912 1423 968 1492 ipsi
984 1423 1098 1492 quidem
1117 1424 1172 1477 iani
1188 1431 1306 1493 peracta

123 1490 299 1545 celebritate
319 1489 488 1558 cunctisque
506 1489 619 1543 domum
637 1490 824 1544 redeuntibus
844 1497 918 1544 retro
938 1490 1039 1544 iterum
1058 1508 1121 1544 cuin
1138 1492 1244 1560 populo
1276 1491 1305 1546 ui

123 1564 310 1614 concurrerat
324 1558 532 1614 abscesserunt.
567 1557 642 1610 Puer
659 1563 755 1611 autem
774 1559 847 1612 clam
864 1563 1011 1628 parentes,
1030 1559 1127 1612 nescio
1145 1575 1200 1638 quo
1213 1511 1305 1624 modo,

123 1627 205 1682 solus
218 1627 296 1696 apud
314 1625 473 1694 sepulcrum
485 1625 604 1678 relictus
622 1631 682 1692 est,
701 1625 815 1679 omuino
835 1625 863 1678 id
882 1624 1164 1696 incomprehensibili
1177 1625 1232 1680 Dei
1245 1645 1307 1696 pro·

124 1695 257 1748 videntia
269 1693 453 1763 disponente,
470 1698 503 1746 ut
519 1694 611 1764 magis
629 1691 783 1747 honoraret
797 1710 874 1759 euin,
894 1693 942 1762 qui
959 1693 1082 1747 animam
1100 1699 1128 1747 et
1142 1711 1190 1748 cor
1211 1711 1243 1747 us
1256 1711 1306 1764 pro

124 1764 189 1834 ipso
203 1762 330 1815 libenter
342 1761 468 1814 dederat.
495 1760 533 1813 Et
545 1777 619 1830 aqua
651 1761 748 1814 uidem
759 1761 796 1816 ad
807 1761 921 1832 propria
934 1777 1064 1815 remeans
1076 1760 1177 1832 profun
1199 1779 1245 1815 um
1258 1763 1306 1816 ob·

123 1831 209 1896 texit,
223 1831 327 1883 iterum
349 1847 383 1882 ue
397 1828 532 1882 effectum
545 1834 589 1882 est
601 1777 668 1898 pala
691 1847 732 1882 us.

197 1847 357 1951 euml.
394 1896 434 1950 At
450 1901 585 1966 parentes
604 1847 732 1966 paullum
754 1914 771 1950 a
794 1913 909 1967 corpore
927 1896 1065 1967 digressi,
1086 1897 1192 1951 utiam
1215 1896 1306 1950 filiuni

124 1984 225 2020 secum
245 1983 302 2018 non
318 1965 463 2028 viderunt,
488 1963 525 2016 ad
543 1964 795 2036 investigationem
813 1964 874 2018 eius
894 1971 1008 2019 vertunt
1027 1982 1072 2032 se3
1090 1983 1124 2020 ac
1142 1971 1219 2019 retro
1241 1982 1306 2019 con·

123 2033 213 2101 versi,
226 2039 260 2086 ut
272 2033 433 2086 invenirent
445 2048 578 2102 puerum,
597 2038 717 2086 cernunt
728 2049 803 2086 mare
820 2051 916 2086 rursus
929 2049 992 2086 esse
1006 2049 1067 2087 eam
1079 2033 1167 2101 viam,
1185 2049 1256 2103 quae
1270 2033 1307 2088 ad

126 2119 234 2183 corpus
249 2100 385 2180 deinceps
399 2100 528 2178 duceret,
547 2100 644 2153 statim
657 2105 887 2168 consternantur,
905 2101 1069 2167 turbantur,
1084 2107 1306 2168 commoventur,

124 2187 223 2225 acrius
243 2169 281 2222 ad
299 2176 360 2222 natr
378 2168 593 2238 indagationem
631 2174 803 2237 rorumpunt.
838 2169 868 2222 ls
890 2175 985 2224 autem
1007 2168 1037 2222 in
1058 2170 1167 2222 tumulo
1188 2169 1307 2224 relictus

124 2238 231 2292 fuerat.
247 2236 372 2306 Cumque
403 2243 448 2289 ost
459 2236 579 2288 multum
592 2237 620 2290 la
642 2253 719 2290 orem
731 2253 847 2306 puerum
860 2255 917 2290 non
928 2243 1102 2306 repererunt,
1117 2237 1167 2290 sed
1181 2235 1210 2290 in
1221 2237 1307 2292 maris

124 2306 218 2360 fundo
233 2304 363 2358 desertus
377 2255 466 2357 ddisse
480 2302 551 2373 ipsis
565 2303 641 2356 visus
655 2311 712 2370 est,
727 2303 768 2356 uti
780 2321 878 2359 revera
891 2311 965 2370 erat,
983 2305 1101 2375 longum
1120 2323 1153 2358 ac
1170 2304 1307 2358 flebiliter

124 2372 362 2428 vociferabantur
374 2371 465 2424 filiurn
482 2370 661 2440 appellantes
675 2377 704 2424 et
722 2377 839 2441 pectora
856 2371 997 2425 feriebant
1015 2379 1100 2441 atque
1119 2372 1307 2440 deplorabant

125 2441 337 2506 calamitatem,
363 2456 436 2509 quae
454 2455 503 2492 eos
524 2439 710 2509 opprimebat.
746 2438 875 2507 Tumque
898 2439 935 2492 ad
956 2445 1085 2492 sanctum
1107 2456 1140 2492 ca
1161 2439 1306 2504 dicebant,

125 2527 202 2579 quae
222 2508 334 2562 animus
352 2507 449 2561 dolore
467 2507 575 2560 fractus
593 2505 839 2577 pronunciaverit,
856 2511 974 2560 mortem
992 2506 1048 2560 sibi
1062 2523 1114 2585 pro
1131 2505 1216 2558 rebus
1227 2522 1307 2574 prae·

126 2577 261 2632 sentibus
275 2581 419 2646 optantes,
433 2575 523 2646 dorico
536 2575 725 2645 proximorum
737 2573 867 2626 nonnulli
880 2573 1042 2627 incidentes
1060 2591 1090 2626 in
1108 2589 1156 2625 eos
1170 2573 1307 2626 lamenta-

125 2645 259 2700 tionibus
272 2642 329 2697 iam
342 2642 489 2698 confectos
503 2642 663 2712 multasque
681 2645 797 2712 propter
815 2658 912 2694 casum
930 2646 959 2694 et
977 2639 1033 2710 ipsi
1050 2639 1182 2693 lacrimas
1194 2639 1307 2710 profun-

126 2714 233 2768 dentes
253 2710 394 2765 cousolati
410 2717 475 2764 sunt
494 2727 542 2763 eos
556 2709 785 2778 effecerantque,
803 2713 836 2762 ut
854 2707 889 2761 de
907 2725 1010 2779 magno
1029 2705 1217 2776 diuturnoque
1234 2725 1308 2761 moe·

125 2798 191 2836 rore
211 2779 400 2833 remitterent.
436 2778 542 2832 Verum
567 2783 718 2847 postquam
741 2775 785 2828 illi
808 2776 921 2829 domum
942 2781 1128 2841 revenerunt,
1153 2775 1255 2829 iterum
1279 2781 1308 2829 et

127 2849 220 2902 maior
236 2847 387 2918 aegritudo
404 2852 467 2900 orta
485 2850 543 2910 est,
565 2850 651 2914 atque
668 2845 730 2898 visa
746 2843 807 2898 nati
824 2843 914 2898 vestis
934 2844 994 2898 sive
1013 2844 1165 2914 quaedam,
1179 2860 1250 2913 quae
1264 2843 1308 2896 illi

127 2915 285 3038 {agilioris
298 2919 387 2980 erant,
401 2913 431 2967 iii
443 2917 593 2984 parentum
602 2913 764 2967 memoriam
776 2912 952 2966 recurrentia
960 2913 1153 2967 molestiorem
1164 2911 1235 2982 ipsis
1246 2911 1308 2966 red·

149 3002 166 3039 e
188 2989 240 3037 ant
253 2982 398 3036 iacturam.

200 3049 376 3104 CLXXVII.
401 3047 534 3102 Ceterum
547 3065 621 3102 anno
635 3048 691 3102 iam
704 3047 910 3102 confectorum
923 3047 1104 3118 splendidum
1117 3047 1190 3100 illud
1202 3047 1307 3101 festum

128 3120 235 3174 iterum
248 3117 417 3190 agitandum
430 3122 516 3182 essct,
531 3116 608 3186 ipsos
621 3116 711 3169 multo
721 3116 814 3188 magis
827 3134 885 3186 pun
908 3113 975 3169 ebat
985 3122 1015 3169 et
1025 3113 1208 3170 excruciabat
1219 3115 1308 3182 dolor,

128 3187 385 3254 vehementiusque
397 3203 506 3238 rursum
515 3183 601 3264 pueri
612 3184 774 3238 memoriam
788 3135 950 3238 revocabat.
971 3183 1072 3253 ltaque
1084 3183 1158 3237 inter
1171 3199 1201 3235 se
1214 3183 1307 3236 aiunt:
1385 3193 1390 3204 '

129 3257 237 3310 Eamus
249 3254 287 3308 ad
301 3253 474 3322 sepulcrum3
494 3251 655 3316 rideamus,
672 3269 739 3304 num
758 3251 869 3319 aliquae
887 3249 942 3303 filii
957 3250 1096 3319 reliquiae
1114 3249 1269 3318 supersint,
1284 3249 1308 3302 si

130 3341 186 3394 quo
199 3327 286 3393 pacto
299 3326 329 3374 et
341 3321 407 3374 illas
423 3325 607 3390 asportemus.
643 3319 724 3373 Haec
739 3323 768 3371 et
781 3333 965 3398 quaecunque
977 3316 1123 3369 moestitia
1136 3315 1309 3384 suggerebat

130 3392 208 3444 inter
221 3407 252 3444 se
267 3388 403 3443 collocuti
420 3388 503 3442 domo
517 3386 659 3466 prodeunt
678 3385 793 3457 lugubri
810 3390 911 3437 ornatu
927 3383 1073 3451 oculisque
1090 3381 1268 3434 lacrimarum
1280 3379 1309 3433 vi

130 3457 325 3528 liquentibus,
345 3465 431 3526 atque
448 3455 486 3509 ad
503 3455 573 3506 litus
590 3455 768 3534 perveniunt.
803 3451 841 3504 Et
854 3450 969 3520 quidem
982 3449 1079 3503 statim
1096 3447 1206 3526 recedit
1222 3463 1308 3514 mare,

130 3526 323 3598 praestitutus
341 3525 402 3578 dies
419 3541 483 3577 cuin
501 3521 675 3575 advenisset.
710 3521 872 3589 Sequuntur
889 3522 985 3571 autem
1007 3517 1051 3569 illi
1069 3533 1165 3586 primi,
1188 3520 1273 3583 atque
1293 3531 1309 3568 e

130 3593 260 3665 vestigio
272 3592 323 3646 alii
336 3591 438 3657 denuo,
451 3589 521 3644 mari
534 3595 669 3659 tanquam
682 3586 794 3642 itineris
807 3586 879 3640 duce
888 3590 1011 3640 utentes.
1031 3583 1074 3638 Ac
1086 3583 1224 3654 templum
1237 3581 1310 3635 illud

132 3812 208 3870 πολὺ
225 3817 327 3883 μέντοι
338 3851 412 3866 .....
441 3814 492 3866 τοῦ
513 3809 649 3875 terracon
670 3816 700 3876 Β,
744 3814 788 3863 ubi
801 3813 1062 3870 ostentamenta,
1076 3816 1114 3860 est
1133 3810 1309 3860 κατελέλειπ-

134 3880 259 3942 πολλοὺς
271 3883 320 3934 aa
332 3885 402 3935 θέαν
414 3879 534 3950 ἐπήγετο
551 3883 582 3931 al.
596 3897 635 3948 ap.
646 3881 700 3931 oot.
745 3899 789 3932 rai
801 3881 829 3930 in
842 3881 869 3944 Ο,
882 3880 1075 3932 κατελέλειπτο
1088 3878 1155 3939 vulg.
1173 3903 1206 3912 —
1224 3871 1251 3942 6)
1265 3879 1310 3926 καλ

132 3949 205 4014 -6)
220 3950 318 4020 ἑορτῆς
328 3947 443 4018 Ι).-7)
456 3952 495 4001 Ita
505 3950 570 4000 BCD
583 3953 608 3998 et
619 3949 651 3998 al.
661 3965 701 4015 ap.
745 3965 792 3998 oin.
805 3949 836 3997 D.
856 3976 889 3983 —
910 3946 935 4012 7)
947 3947 988 3996 Ita
1000 3964 1029 3996 cii
1046 3948 1077 4006 D,
1096 3946 1256 4013 προέμενον
1268 3943 1310 3992 BC

134 4021 199 4083 Cot,
212 4015 321 4086 ἀσεβεῖς
332 4020 400 4084 vulg.
412 4047 447 4055 -
458 4015 487 4085 8)
499 4014 603 4069 καλοῦν
614 4017 645 4066 D.
745 4017 814 4078 vulg.
827 4044 861 4052 -
872 4013 899 4076 8)
912 4017 951 4072 εἰς
963 4031 1011 4064 oin.
1025 4017 1054 4062 B.

188 4122 250 4188 οη),
275 4121 403 4172 CLXXV·
457 4118 482 4184 1)
521 4114 574 4170 σὺν
607 4118 638 4167 Β,
668 4145 702 4153 -
797 4100 856 4166 Gap.
871 4097 1011 4149 CLXXVI.
1035 4093 1061 4161 1)
1075 4093 1309 4173 φθέγξςιιοΒΟΙ)

133 4186 163 4256 2)
177 4189 280 4252 σκῆνος
291 4188 382 4238 inserit
393 4189 425 4250 D,
443 4203 494 4252 seq.
509 4183 590 4257 σῶμα
602 4185 700 4236 omisso.
745 4173 770 4219 et
783 4168 815 4217 ²²1·
829 4183 868 4233 ³1³·
882 4167 936 4216 00l·
950 4191 984 4200 ·“
1001 4159 1029 4229 2)
1043 4175 1242 4230 Πῑθηυλθνῐὲς
1254 4159 1272 4209 0
1286 4165 1311 4209 el

136 4285 170 4294 —
181 4251 211 4322 3)
225 4251 292 4313 τοὺς
304 4255 410 4304 accessit
421 4271 451 4305 eii
464 4255 537 4304 BCD.
548 4282 582 4289 —
593 4249 619 4315 4)
634 4267 702 4306 συν·
746 4236 778 4284 ¹¹1·
792 4251 831 4300 al)-
845 4235 899 4283 ⁰⁰l·
913 4259 948 4267 ”
958 4227 986 4296 3)
1001 4231 1109 4284 πένθος
1120 4242 1196 4294 ⁵¹¹1³r⁸
1208 4245 1225 4278 α
1236 4228 1266 4277 D·

136 4319 298 4393 θραμόντος
324 4324 390 4373 acl)
417 4327 442 4372 ct
468 4323 501 4371 sl.
526 4337 566 4387 ap.
591 4321 645 4370 Cot.
671 4347 704 4354 -
798 4314 1024 4384 CapOLXXVII.
1047 4311 1071 4372 1)
1082 4308 1273 4380 φησλΒ,-2)
1287 4313 1314 4363 ελ

136 4389 163 4456 5)
193 4391 259 4442 Dedi
282 4390 491 4442 καταλέλειπται
520 4388 626 4439 ducibus
650 4388 703 4449 BD,
749 4401 809 4443 πως
825 4401 872 4434 oin.
891 4385 921 4434 D.
939 4409 971 4419 -
995 4378 1022 4450 3)
1041 4377 1146 4437 εὐθέως
1162 4395 1209 4429 oin.
1230 4381 1259 4430 D.
1277 4407 1312 4418 -
