3162 4900
252 341 315 408 268
541 355 1103 408 rwmssunmrmvomrrcmrr.

253 505 342 572 tibus,
355 503 458 574 quibus
470 501 569 557 addita
581 503 836 558 transformationis
850 503 874 556 si
897 502 1042 570 nificati03
1054 521 1119 558 nam
1132 502 1221 557 verba
1233 503 1263 557 in
1272 503 1427 576 Recognit.

254 571 332 626 (3220
349 572 459 642 posita:
487 571 535 638 „in
571 572 722 652 noctique
744 571 841 625 statim
884 571 1018 624 tisimilis
1037 571 1168 640 pecudir,
1193 569 1266 624 nihil
1288 572 1347 625 tale
1370 572 1427 626 sibi

253 640 344 706 velle,
358 646 465 693 certum
478 644 531 692 est.
592 657 609 691 x
628 639 759 709 reliquis,
781 655 853 708 quae
875 639 980 693 omissa
1002 644 1081 704 sunt,
1103 636 1241 691 nonnulla
1259 637 1356 693 forsan
1368 658 1428 694 uon

254 707 366 760 inerant
374 707 403 760 in
414 723 447 760 eo
459 723 537 760 exem
560 705 622 772 lari,
635 724 690 776 quo
702 705 836 760 utebatur
848 706 882 776 is,
894 705 940 760 cui
953 705 1074 759 debetur
1081 704 1167 775 hujus
1179 705 1236 759 loci
1247 707 1427 774 constitutio,

253 775 312 828 alia
324 792 390 828 vero
403 773 458 844 ipsi
471 724 641 828 videinntur
652 779 703 855 aut
715 773 871 852 superflua,
889 777 921 826 nt
932 772 1118 842 Pr0serpinac
1131 790 1148 826 a
1160 772 1232 826 Jove
1246 791 1427 852 compressae

254 841 499 906 commemoratio,
524 841 592 910 quip
613 859 628 896 e
651 859 733 912 cujus
750 840 824 894 infra
844 841 927 893 simul
949 857 1013 893 cum
1036 839 1295 893 transformationis
1315 839 1427 912 signifi-

253 908 366 962 catione
379 909 487 961 montio
499 915 576 962 essct
588 859 676 974 Sota,
689 915 739 962 aut
751 908 849 978 inepta
862 907 991 974 omnino;
1004 924 1059 976 qua
1072 907 1172 960 eadem
1186 907 1221 959 de
1234 925 1336 962 caussa
1349 908 1426 977 quod

254 993 311 1028 non
323 975 408 1028 etiam
421 991 455 1027 oa
467 975 636 1042 transmisit,
655 993 727 1045 quae
740 981 806 1029 sunt
818 975 853 1029 dc
866 975 974 1029 Metide
988 980 1017 1028 et
1030 974 1064 1027 de
1078 973 1198 1040 Venere,
1211 974 1295 1029 homo
1308 975 1426 1030 minime

252 1042 362 1164 peritus
381 1045 431 1094 aut
450 1041 688 1112 circumspectus,
710 1059 766 1096 non
784 1037 862 1096 subit
879 1042 981 1096 mirari.
1009 1041 1121 1096 Pariter
1133 1059 1167 1096 ea
1180 1041 1296 1112 sprevit,
1309 1051 1382 1112 quae
1397 1043 1427 1095 in

280 1107 404 1179 ecognit.
424 1107 453 1160 C.
466 1109 498 1160 21
510 1111 700 1178 reperiuntur,
711 1116 810 1180 utpote
823 1109 860 1164 ad
871 1110 973 1164 ,Iovem
985 1107 1214 1162 transformatum
1227 1127 1283 1163 non
1294 1116 1427 1178 spectan-

252 1177 303 1239 tia,
317 1174 446 1244 exeeptis
459 1173 508 1240 iis,
526 1193 598 1244 quae
618 1183 683 1229 sunt
702 1176 737 1231 de
756 1176 930 1244 Callistone3
954 1194 1037 1246 quam
1050 1193 1134 1246 quum
1148 1176 1249 1230 aJove
1262 1177 1315 1229 snb
1328 1177 1428 1246 specie

254 1243 346 1297 lconis
358 1242 490 1296 vitiatam
511 1259 574 1296 esse
589 1243 689 1310 sciret,
709 1243 762 1297 hoc
780 1244 937 1324 exemplum
955 1243 1068 1298 addidit
1085 1243 1134 1308 iis,
1148 1261 1220 1312 quae
1232 1243 1351 1298 inReco
1375 1245 1427 1298 nit.

254 1311 285 1366 C.
298 1314 331 1366 2⁸2
347 1315 545 1377 recrementum
567 1317 597 1364 at
613 1329 669 1365 non
687 1311 762 1364 cavit
779 1317 810 1364 nt
829 1315 915 1364 etiam
927 1309 1033 1365 Homil.
1047 1309 1082 1376 V,
1098 1309 1129 1362 14
1140 1328 1238 1364 versus
1251 1309 1338 1364 finem
1383 1329 1427 1366 er-

253 1377 357 1444 curius,
370 1376 484 1446 Apollo,
497 1376 659 1448 Endymion
671 1383 841 1432 tacerentur.

320 1445 375 1498 His
406 1444 551 1498 raemissis
564 1445 600 1498 ad
614 1445 742 1517 singulos
755 1445 892 1514 quosdam
904 1445 983 1498 locos
996 1444 1164 1498 tractandos
1176 1451 1363 1499 transeamus.

320 1513 351 1569 P.
369 1463 424 1578 οὗ,
436 1512 455 1564 4
466 1517 498 1565 ut
510 1513 670 1567 sententiae
683 1519 711 1566 et
724 1512 839 1584 linguae
853 1512 967 1584 legibus
979 1510 1141 1576 satisfieret,
1155 1513 1336 1566 scribendum
1349 1519 1426 1567 erat:

251 1580 555 1702 eruimur
569 1577 1427 1702 cravarcinnamanitraria-

252 1715 339 1769 etiam
352 1667 459 1785 piscem
472 1666 611 1768 mariniim
622 1663 742 1786 ἐκόκκιὲια
753 1667 843 1768 eolica
863 1665 1009 1784 policitam.
1044 1714 1090 1766 An
1102 1666 1337 1782 quispexistiniae
1355 1687 1427 1769 huie'

252 1783 316 1836 loco
336 1782 506 1838 medicinam
528 1782 624 1836 afferri
643 1799 728 1851 posse
746 1799 761 1835 e
780 1733 868 1836 schol.
884 1782 913 1834 in
931 1781 1049 1851 Gregor.
1066 1781 1136 1835 Naz.
1153 1800 1179 1851 p.
1201 1784 1235 1836 35
1254 1780 1356 1847 Gaisf,
1375 1782 1427 1837 ubi

251 1850 385 1920 Juppiter
397 1849 501 1902 dicitur
512 1848 607 1903 factus
620 1866 682 1904 esse
699 1849 830 1918 κεραυνὸς
849 1849 896 1903 defi
908 1850 958 1916 τὴν
976 1850 1045 1917 ἦραν
1067 1849 1141 1920 (sic),
1164 1849 1205 1902 ita
1222 1855 1254 1903 ut
1272 1846 1344 1902 haec
1363 1849 1425 1904 fere

253 1918 340 1972 verba
368 1918 457 1970 fuisse
489 1933 645 1970 sumamus:
676 1916 829 1988 dpormdric
857 1922 1009 1990 κεραυνοῖ
1035 1913 1050 1968 f
1079 1923 1266 1988 xutnqrfisle
1289 1917 1426 1988 κόκκυγος

254 1984 368 2056 πιιρῴῗ
396 1984 488 2038 Video
501 1983 624 2052 quidem,
636 1983 792 2037 Robsrtum
804 1982 959 2054 Ungerum,
973 1940 1101 2037 'I'heiran
1114 1983 1253 2037 Paradtr.
1263 2003 1292 2064 p.
1304 1983 1357 2036 422
1371 2002 1424 2054 sq,

252 2053 303 2106 illa
316 2052 493 2108 Scholiastae
507 2051 593 2105 verba
605 2052 742 2104 lacunosa
753 2066 817 2104 esse
829 2050 947 2120 opinari.
972 2050 1029 2105 Sed
1041 2067 1097 2104 non
1125 2051 1190 2104 lane
1201 2050 1271 2104 nrihr
1280 2053 1428 2122 persuasit

251 2121 294 2173 vir
304 2118 495 2174 doctissimus.
506 2151 540 2158 -
552 2117 646 2189 Magis
660 2118 745 2171 etiam
759 2124 892 2196 corrupta
904 2125 971 2171 sunt
982 2119 1069 2172 verba
1080 2069 1129 2172 vii
1143 2136 1202 2188 sqq.
1216 2119 1318 2188 posita.
1337 2119 1427 2174 Vide-

251 2187 355 2240 bantur
366 2192 461 2240 autem
473 2185 542 2238 mihi
554 2186 707 2254 aliquando
721 2191 749 2238 et
761 2185 895 2238 videntur
908 2203 942 2239 ex
957 2192 1039 2255 parte
1058 2185 1221 2240 etiamnunc
1234 2186 1263 2239 in
1274 2185 1349 2240 hane
1362 2186 1424 2241 fere

252 2254 377 2324 speciem
389 2251 556 2324 refingenda
567 2269 644 2306 esse:
654 2253 714 2308 Ἔτι
726 2256 756 2308 δὲ
768 2260 899 2325 μίγνυται
915 2254 1021 2328 ἀδελφῇ
1034 2257 1066 2328 ιξ]
1079 2257 1107 2314 ἐξ
1121 2254 1249 2326 Οὐρανοῦ
1260 2260 1304 2309 καὶ
1315 2253 1426 2312 Θαλάσ-

252 2339 302 2390 σης
312 2322 386 2393 αὐτῷ
395 2327 547 2394 γενομένῃ,
567 2319 582 2390 ἢ
594 2320 651 2375 ἀπὸ
667 2323 713 2388 iric
724 2321 836 2392 Κρόνου
853 2324 977 2394 ἐπιτομῆς,
991 2321 1154 2396 Ἅᾳροδίτῃ,
1175 2319 1209 2390 ἣν
1220 2327 1265 2376 καὶ
1278 2322 1426 2392 Δωδώνην

253 2395 390 2462 λέγουσιν,
404 2391 438 2450 ἐξ
460 2379 770 2463 ἧς”ΕρωςκαὶΚύποις
785 2388 967 2460 γεγόνασιν
984 2391 1031 2443 vel
1052 2393 1065 2444 f
1095 2394 1217 2444 ένονιο
1236 2389 1282 2442 vel
1302 2392 1426 2462 ἐξέφυ-

252 2477 315 2513 σαν
336 2461 402 2510 cett.
438 2455 566 2524 Verbari
588 2456 698 2526 Ιῳόνοο
719 2455 821 2528 ἕκτομὴ
843 2474 899 2510 non
917 2473 980 2510 esse
997 2410 1189 2528 inteliigenda
1201 2456 1236 2510 de
1249 2458 1426 2526 exsectione,

251 2541 336 2593 quam
356 2523 438 2590 fecit,
460 2523 512 2577 sed
530 2524 564 2577 de
582 2540 629 2592 ea,
651 2541 734 2593 quam
752 2541 854 2594 passus
867 2529 912 2577 cst
924 2523 1076 2592 Saturnus,
1096 2530 1204 2578 certum
1221 2529 1274 2577 est.
1302 2523 1427 2577 Rufinus

251 2591 370 2646 eandem
390 2591 463 2644 dixit
479 2590 685 2645 abscissionem
704 2589 831 2652 Saturni,
851 2590 1002 2662 Recognit.
1024 2592 1060 2652 X,
1083 2591 1124 2646 37.
1160 2591 1237 2662 Ergo
1257 2591 1425 2645 addideram

250 2658 419 2737 particulam
433 2658 543 2738 71‚quae
556 2657 693 2713 facillime
705 2659 873 2712 intercidere
885 2661 986 2729 potuit.
1016 2661 1086 2714 Post
1097 2659 1166 2722 vidi,
1175 2661 1236 2728 jam
1250 2657 1425 2712 Cotelerium

251 2743 281 2777 m
294 2725 392 2780 eadem
405 2725 493 2780 fnisse
507 2726 663 2794 sententia,
682 2726 730 2796 qui
743 2725 832 2801 verba·
841 2743 944 2808 graeca
957 2727 997 2780 sic
1010 2733 1087 2782 esset
1103 2727 1321 2796 interpretatus:
1345 2725 1425 2794 „Ad—

250 2791 306 2846 huc
318 2809 384 2847 vero
399 2811 462 2847 cum
476 2811 569 2847 sorore
582 2793 725 2862 miscetur,
736 2811 787 2863 pro
809 2799 887 2847 emta
899 2811 933 2848 ex
946 2793 1034 2849 Coelo
1048 2799 1077 2849 et
1089 2793 1174 2854 Mari,
1187 2794 1244 2846 vel
1259 2810 1293 2847 ex
1305 2791 1423 2848 Saturni

251 2860 379 2913 virilibus
393 2861 544 2914 exsectis.“
567 2859 684 2914 Scilicet
701 2877 735 2914 ex
749 2812 858 2932 vulgari
870 2863 1026 2926 sententia,
1039 2879 1122 2932 quam
1135 2862 1221 2915 etiam
1233 2860 1425 2915 Homiliarum

251 2929 372 2996 scriptor
390 2934 505 2982 secutus
523 2933 567 2982 est
582 2927 632 2989 VI,
645 2929 669 2993 2,
687 2933 749 2981 orta
765 2934 826 2981 erat
843 2928 941 2982 Venus
959 2947 993 2982 ex
1012 2929 1093 2984 Cocli
1109 2929 1245 2982 virilitate
1263 2946 1281 2982 a
1300 2927 1425 2984 Saturno

251 2993 382 3046 demessa
394 3001 423 3047 et
435 2995 466 3047 in
483 3011 558 3048 mare
576 2995 713 3062 projecta.
750 2993 913 3054 Secundum
935 2997 1014 3050 illam
1036 2995 1322 3050 sententiam.Venus
1339 2996 1425 3050 Jovis

249 3075 307 3113 non
328 3077 417 3127 soror,
439 3061 489 3114 sed
510 3061 598 3114 amita
617 3060 750 3114 habenda
771 3068 838 3116 erat.
873 3063 955 3118 Jovis
973 3071 1069 3118 autem
1090 3081 1168 3117 soror
1190 3063 1289 3117 haberi
1310 3069 1427 3132 poterat

252 3126 407 3180 secundum
420 3143 481 3193 eos,
498 3126 546 3196 qui
558 3127 659 3181 Jovem
676 3125 790 3182 Saturni
811 3131 950 3201 genitalia
968 3131 1131 3186 desecuisse
1152 3136 1181 3184 et
1200 3131 1228 3183 in
1241 3147 1317 3183 mare
1328 3132 1424 3200 proje-

250 3194 324 3248 cisse
341 3199 506 3262 statuerent,
527 3212 611 3264 quam
633 3196 817 3260 sententiam,
840 3199 918 3252 'uxta
939 3199 1058 3253 alteram
1076 3199 1169 3262 illam,
1190 3215 1207 3251 a
1224 3197 1342 3250 Timaeo
1360 3215 1425 3276 pro-

250 3262 337 3316 latam
350 3279 413 3316 esse
427 3262 602 3316 Scholiastes
614 3263 651 3317 ad
662 3261 795 3332 Apollon.
806 3216 898 3320 erod.
910 3264 978 3336 Arg.
995 3265 1041 3333 lV,
1058 3266 1109 3320 §¹85
1121 3264 1271 3331 memoriae
1286 3264 1424 3334 prodidit.

249 3331 400 3384 Praeterea
412 3331 487 3400 apud
500 3329 642 3402 Mythogr.
655 3329 748 3386 Vatic.
762 3333 783 3398 Ι,
797 3333 847 3386 105
859 3333 994 3402 scriptum
1007 3339 1113 3387 exstat:
1134 3332 1285 3402 „Juppiter
1295 3331 1425 3400 adultus,

249 3415 335 3467 quum
348 3396 487 3451 Saturnus
503 3398 625 3479 quodam
643 3399 688 3453 die
707 3399 745 3452 ad
760 3418 843 3453 usum
860 3400 983 3480 corporis
997 3401 1099 3465 exiret,
1118 3401 1200 3453 illato
1217 3398 1307 3452 cultro
1324 3415 1424 3468 ampu-

249 3465 562 3533 tavitnaturaliaeus,
601 3483 654 3519 uae
673 3466 702 3520 in
714 3484 792 3520 mare
825 3469 989 3538 rojeort,ex
1020 3467 1103 3522 uibus
1116 3467 1214 3521 Venus
1226 3472 1294 3519 nata
1306 3470 1380 3530 est“‚
1394 3473 1426 3520 et

249 3549 267 3586 a
287 3533 326 3586 ud
343 3532 486 3612 Mythogr.
531 3538 569 3587 at.
581 3482 604 3598 i,
616 3532 675 3602 204,
687 3553 715 3604 p.
728 3535 769 3602 64,
781 3485 824 3588 ἓξ
833 3552 874 3604 sq.
892 3535 935 3589 ed.
952 3485 1036 3589 Boi:
1056 3534 1174 3601 „Venus
1192 3533 1227 3587 de
1243 3533 1425 3587 naturalibus

270 3606 364 3654 atumi
386 3601 487 3655 aJove
501 3600 536 3654 de
547 3616 636 3681 regno
650 3601 788 3670 expulsi.“
811 3602 894 3656 Hanc
906 3603 996 3672 ipsam
1012 3601 1140 3656 fabulam
1151 3600 1268 3656 tradunt
1278 3599 1424 3672 Recogni-

249 3667 342 3720 tiones
363 3641 399 3734 ll,
416 3670 458 3734 ΞΟ,
480 3667 528 3721 cfr.
551 3674 636 3721 etiam
652 3667 689 3734 X,
701 3667 735 3722 34
747 3676 777 3722 et
788 3669 830 3724 37.
865 3669 931 3724 Jam
949 3687 1035 3739 quum
1051 3669 1127 3722 ultro
1148 3672 1293 3738 appareat,
1332 3674 1426 3723 uanta

249 3733 404 3786 similitudo
416 3734 575 3788 intercedat
587 3736 662 3789 inter
673 3735 760 3790 verba
772 3753 884 3808 graeca,
898 3754 970 3806 quae
983 3736 1071 3790 latine
1083 3735 1197 3789 reddita
1209 3740 1305 3789 sunta
1342 3734 1425 3790 ufino

248 3799 278 3853 in
289 3799 379 3869 primo
394 3800 444 3854 illo
459 3800 537 3855 Reco
560 3803 698 3856 ultionum
711 3803 786 3871 loco,
804 3821 889 3874 supra
899 3805 984 3874 plene
997 3803 1152 3883 exscripto,
1170 3808 1200 3856 et
1213 3802 1288 3856 inter
1299 3819 1333 3857 ea
1345 3819 1422 3872 quae

247 3867 341 3938 posita
352 3867 527 3922 suntHomil.
562 3873 608 3938 ‚12
618 3886 716 3924 versus
727 3869 813 3924 finem
823 3875 852 3924 et
861 3870 896 3940 V,
904 3873 936 3925 13
946 3871 1036 3938 initio,
1046 3887 1104 3924 verr
1115 3870 1206 3925 videri
1216 3869 1308 3922 simile
1318 3870 1423 3939 possit,

248 3935 334 3990 etiam
351 3934 397 3989 hic
417 3936 504 3989 solius
521 3936 707 4004 exsectionis,
725 3955 810 4008 quam
845 3955 927 3992 assus
944 3944 989 3993 est
1002 3936 1153 4005 Saturnus,
1171 3937 1342 3991 mentionem
1356 3953 1424 3992 esse

248 4003 362 4056 factam.
389 4002 427 4056 Et
439 4020 538 4059 revera
549 4007 611 4076 jam
623 4005 757 4058 Davisius
771 3957 950 4059 scriSendum
963 4022 1026 4059 esse
1043 4005 1168 4060 censuit:
1187 4008 1222 4079 τῇ
1239 4007 1273 4060 ἐκ
1285 4003 1398 4077 Κρόνο
1407 4029 1424 4060 υ

248 4075 293 4124 καὶ
308 4070 449 4141 Θαλάσσης
460 4071 536 4142 αὐτῷ
547 4077 684 4145 γενομένῃ
700 4073 758 4129 ἀπὸ
770 4077 818 4141 τῆς
827 4072 939 4146 Κρόνου
957 4072 1081 4147 ἔκτόμης.
1101 4071 1141 4124 At
1154 4071 1230 4126 enim
1239 4088 1318 4138 vcro,
1350 4089 1422 4126 uan-

248 4152 332 4204 quam
342 4142 371 4215 et
380 4138 441 4207 ipse
450 4155 617 4208 persuasum
625 4137 725 4206 habeo,
737 4157 836 4220 eum,a
864 4157 901 4194 uo
911 4139 1057 4210 profectus
1068 4139 1263 4206 esthiclocus‚
1272 4088 1422 4208 haudqua-

248 4219 332 4270 quam
349 4205 482 4273 mjecisse
502 4205 582 4262 Caeli
598 4207 783 4275 mentionem,
801 4207 844 4260 illi
886 4207 970 4262 avisii
984 4209 1166 4277 conjecturae
1178 4205 1348 4274 adstipulari
1361 4223 1422 4260 nou

212 4289 218 4300 ·
248 4285 371 4348 possum.
400 4270 440 4324 Ut
453 4274 527 4327 enim
539 4280 664 4340 taceam,
681 4291 738 4327 non
751 4291 922 4346 magnopere
935 4275 1048 4345 placere
1066 4274 1138 4328 illud
1151 4271 1309 4342 ἒκΚοόνου,
1330 4289 1422 4342 quum

245 4351 306 4402 Jam
318 4334 444 4390 sufficiat
456 4339 574 4394 locutio:
590 4339 649 4396 ἀπὸ
668 4343 715 4408 τῆς
731 4341 843 4414 Κρόνου
859 4345 990 4415 ἔκτομῆς,
1009 4373 1044 4383 -
1065 4341 1101 4409 ei,
1117 4341 1166 4412 qui
1177 4338 1423 4410 animadverterit,
