3126 4894
584 287 739 338 armona
758 290 901 340 iurans.
1265 278 1323 343 151

150 454 214 490 cum
233 452 290 507 ego
310 451 489 504 properarem
507 435 545 489 ad
562 441 678 506 gentes,
697 452 769 506 quae
787 435 892 490 multos
912 438 987 492 Deos
1004 444 1148 505 asserunt,
1166 445 1198 492 ut
1214 443 1324 512 praedi·-

151 521 247 558 carem
260 521 294 556 ac
315 503 445 556 docerem
461 520 547 556 unum
564 520 627 556 esse
639 503 731 556 Deum
745 503 774 556 in
789 503 881 558 tribus
897 505 1028 574 personis
1041 513 1196 560 creatorem
1209 511 1281 563 coeli
1296 519 1324 564 et

150 578 245 626 terrac
267 571 461 639 omniumque,
481 586 553 638 quae
572 570 603 624 in
620 569 656 622 iis
670 571 864 639 continentur,
902 591 938 626 uo
954 571 1082 627 homines
1095 573 1202 628 dilecto
1216 593 1249 630 eo
1261 595 1324 647 pos·

152 645 218 693 sent
231 639 355 692 salutem
367 639 519 707 consequi,
536 638 723 708 praeveniens
743 639 873 692 diabolus
883 590 1029 696 Simonem
1041 640 1202 711 praemisit,
1220 649 1252 697 ut
1263 663 1324 714 per-

151 707 288 760 suaderet
304 705 468 759 bominibus
486 706 598 760 cunctis
614 706 707 760 colere
725 706 807 772 deos,
844 707 873 760 ui
890 725 947 761 non
966 713 1044 774 sunt,
1063 713 1150 777 utque
1162 719 1325 766 recusarent

151 775 269 828 credere
286 773 317 826 in
333 791 419 826 unum
435 773 542 841 Deum,
561 773 611 844 qui
627 773 759 828 universa
775 723 904 828 condidit
919 783 978 828 tum
991 775 1132 842 visibilia,
1150 781 1209 830 tum
1227 777 1323 832 invisi·

148 841 231 896 bilia.
267 841 379 895 Idcirco
396 847 509 910 oportet
526 859 570 894 me
587 841 645 894 cito
666 841 780 912 assequi
794 859 871 908 eum,
888 861 924 897 ne
938 843 1068 898 doctrina
1081 843 1203 898 Simonis
1217 846 1323 900 diutius

150 910 302 963 immorata
314 925 411 963 omues
424 909 539 978 penitus
551 909 677 964 invadat.

220 1001 329 1054 XLIII.
367 1001 458 1064 Quare
480 1017 598 1055 necesse
620 1007 678 1068 est,
698 1001 802 1072 aliquis
820 1020 870 1072 pro
891 1021 935 1057 me
957 1004 1050 1057 locum
1071 1022 1163 1058 meum
1184 1007 1322 1087 suppleat.

148 1069 248 1151 Atque
266 1069 364 1123 cuncti
376 1070 470 1122 Deum
483 1069 593 1122 intente
606 1085 725 1135 oremus,
739 1075 770 1122 ut
785 1087 847 1123 eum
861 1072 909 1140 qui
923 1071 1026 1142 dignus
1039 1072 1077 1124 sit
1089 1073 1169 1126 Deus
1182 1075 1322 1146 desrgnet.

150 1139 264 1202 Quibus
278 1137 364 1190 dictis
378 1137 513 1206 imposuit
525 1155 638 1190 manum
648 1137 794 1191 Zacchaeo
807 1145 836 1191 et
845 1141 900 1192 ait:
916 1139 992 1192 Here
1003 1139 1115 1194 domine
1126 1146 1207 1210 pater
1217 1143 1323 1196 domini

150 1207 267 1275 Deique
285 1223 319 1259 ac
336 1203 491 1259 Salvatoris
508 1204 599 1258 nostri
615 1204 683 1258 Iesu
701 1203 807 1258 Christi
826 1224 876 1276 per
899 1207 1030 1276 spiritum
1047 1213 1126 1260 tuum
1143 1216 1272 1263 sanctum
1289 1229 1323 1264 ac

150 1273 331 1328 adorabilem
348 1278 380 1325 tu
395 1271 576 1338 hunctuere,
590 1271 638 1340 qui
670 1278 747 1326 astor
760 1273 797 1326 sit
809 1275 907 1344 populi
919 1274 1072 1342 tui,quem
1084 1275 1208 1345 elegisti.
1243 1277 1323 1332 Haec

148 1341 200 1420 ubi
214 1341 337 1420 dixisset
344 1339 386 1420 ‘ad
398 1341 532 1410 populum
551 1338 628 1393 infit:
649 1291 816 1410 Quicunque
828 1342 969 1463 baptizari
982 1340 1079 1406 vultis,
1093 1357 1126 1394 ex
1140 1343 1265 1397 crastino
1278 1345 1323 1398 die

150 1425 281 1462 ieiunare
293 1414 421 1477 incipite.
457 1407 527 1460 Post
539 1412 597 1460 tres
610 1414 705 1461 autem
718 1408 779 1460 dies
793 1425 856 1462 cum
894 1409 1019 1479 aptiaare
1037 1409 1193 1479 coepisset,
1210 1413 1324 1466 vocavit

149 1493 195 1530 mc
209 1476 398 1542 Clementem,
411 1473 545 1544 Aquilam
559 1481 588 1528 et
600 1475 731 1529 Nicetam
744 1493 777 1530 ac
791 1475 877 1529 dixit:

219 1567 326 1622 XLIV.
363 1568 470 1638 Tyrum
501 1567 660 1621 rofecturus
694 1574 739 1621 ost
753 1585 783 1622 se
804 1574 862 1622 tem
875 1569 936 1622 dies
948 1568 1013 1622 volo
1022 1585 1072 1621 vos
1084 1568 1180 1622 statim
1191 1569 1279 1636 abire,
1294 1579 1323 1626 et

148 1637 228 1706 apud
249 1635 449 1689 Chananaeam
498 1635 638 1690 erenicem
677 1640 758 1690 ustae
783 1586 871 1690 Sliam
890 1637 962 1690 clam
982 1635 1133 1706 hospitari,
1155 1642 1240 1718 atque
1260 1639 1322 1692 dili·

149 1711 255 1837 5enter
272 1721 334 1756 eam
345 1703 512 1782 'percontati
529 1702 598 1755 mihi
613 1703 802 1773 perscribere,
822 1721 893 1774 quae
916 1704 952 1758 ad
970 1702 1113 1757 Simonem
1132 1706 1323 1772 pertinebunt.

176 1789 266 1841 uapro
288 1777 332 1824 ter
343 1771 458 1824 ramiam
471 1788 613 1840 cumpace
643 1771 742 1842 ergitc.
761 1771 861 1840 Itaque
873 1772 1036 1826 descrentes
1047 1789 1109 1824 eum
1118 1772 1322 1842 baptizantem,

149 1857 254 1910 querna
305 1839 389 1892 odum
409 1837 543 1902 iusserat,
561 1839 590 1891 in
634 1856 715 1908 yrum
731 1837 904 1893 Phoeniciae
921 1839 1127 1909 praecessimus
1145 1857 1216 1893 eum.
1253 1840 1322 1895 Cae·

149 1924 233 1961 sarca
250 1924 281 1960 er
302 1924 319 1960 o
337 1905 479 1960 Stratonis
499 1922 631 1976 egressus
650 1923 704 1977 ego
721 1905 852 1960 Clemens
876 1907 1015 1976 simulque
1032 1907 1152 1961 Nicetes
1170 1915 1200 1962 et
1216 1907 1323 1978 Aquila

150 1975 260 2046 Tyrum
277 1925 451 2028 Chocniciae
467 1974 591 2044 profecti
605 1992 713 2040 sumus,
732 1980 761 2027 et
774 1975 853 2028 iuxta
863 1975 941 2028 Petri
954 1975 1132 2041 mandatum,
1147 1976 1195 2055 qui
1207 1976 1323 2032 miserat

150 2062 217 2108 nos,
234 2041 377 2122 hospitati
395 2059 489 2094 sumus
511 2045 586 2110 apud
606 2041 774 2096 Berenicem
795 2041 892 2096 Iustae
916 2041 1104 2096 Chananaeae
1122 2042 1226 2110 filiam,
1249 2062 1321 2114 quae

149 2110 350 2164 lubentissime
363 2127 414 2162 nos
428 2111 560 2178 suscepit.
594 2107 630 2174 Ei
642 2115 738 2163 autem
755 2109 890 2174 diximus,
909 2110 985 2180 quod
1002 2109 1097 2164 Simon
1110 2128 1210 2182 magus
1223 2112 1253 2165 in
1266 2111 1322 2166 dis·

149 2177 315 2250 putatione,
333 2193 417 2246 quam
434 2194 497 2230 curn
514 2175 625 2230 domino
646 2183 743 2231 nostro
760 2177 845 2231 Petro
864 2177 1020 2232 Caesareae
1037 2177 1152 2245 habuit,
1174 2185 1322 2249 superatus

150 2246 307 2314 statimque
324 2243 476 2315 aufugiens
493 2243 540 2298 hio
558 2245 648 2298 multa
666 2250 810 2315 perpetrat
828 2245 910 2298 mala.
945 2245 983 2298 Et
1006 2245 1122 2298 Petrum
1146 2247 1322 2302 calumnians

149 2315 303 2368 multorum
326 2312 432 2382 abripit
455 2312 570 2366 animas.
606 2312 679 2366 Nam
704 2331 767 2366 cum
791 2313 852 2382 ipse
877 2313 915 2365 sit
939 2330 1052 2381 magus,
1074 2313 1188 2366 Petrum
1209 2332 1322 2384 magum

150 2381 294 2452 appellat3
313 2386 342 2434 et
355 2381 492 2450 cumipse
505 2381 543 2432 sit
555 2380 705 2450 impostor,
724 2380 905 2448 impostorem
922 2379 1001 2432 illum
1014 2381 1170 2448 proclamat
1184 2399 1190 2448 ς
1203 2399 1321 2450 cumque

151 2448 389 2571 {pudisputatione
406 2465 457 2518 per
473 2447 567 2502 omnia
583 2447 644 2518 ipse
660 2448 754 2500 victus
772 2445 890 2501 cesserit
907 2463 940 2499 ac
953 2444 1073 2516 fugerit,
1091 2445 1195 2500 vicisse
1213 2465 1243 2501 se
1259 2465 1321 2517 pro-

172 2524 256 2572 tetur.

218 2599 312 2656 XLV.
347 2600 385 2652 Et
399 2599 471 2653 dixit
491 2599 645 2654 Berenice:
668 2597 712 2651 Ea
728 2597 840 2667 quidem
854 2597 895 2651 ita
913 2614 942 2650 se
958 2597 1078 2664 habent,
1098 2597 1149 2650 sed
1160 2597 1270 2667 reliqua
1286 2599 1321 2652 de

152 2669 267 2723 Simone
288 2667 400 2722 audite:
419 2667 620 2737 phantasmata
637 2665 741 2746 quippe
755 2683 788 2720 ac
806 2665 957 2718 simulacra
973 2665 1003 2718 in
1015 2665 1108 2718 medio
1120 2664 1181 2719 foro
1194 2666 1321 2734 quotidie

150 2736 308 2791 ostendens
326 2741 415 2790 totam
433 2734 628 2804 obstupefacit
645 2735 806 2802 civitatem3
831 2751 864 2787 eo
883 2733 958 2786 enim
975 2738 1191 2802 pertranseunte
1210 2739 1321 2786 statuae

150 2809 300 2858 moventur
317 2809 346 2856 et
364 2803 470 2856 multae
486 2802 601 2856 umbrae
618 2803 788 2868 educuntur,
808 2818 877 2870 quas
898 2801 975 2871 ipsas
993 2800 1064 2854 dicit
1077 2817 1139 2854 esse
1152 2801 1261 2854 animas
1275 2800 1321 2854 de-

149 2873 320 2927 functorum.
356 2869 464 2924 Multos
476 2888 566 2940 porro,
580 2870 628 2940 qui
642 2887 705 2924 eum
716 2869 965 2941 praestigiatorem
979 2868 1126 2934 dicebant,
1145 2886 1208 2922 curn
1220 2873 1321 2938 postea

150 2939 278 2995 convivii
293 2943 444 3008 praetextu
459 2939 611 2991 invitasset
633 2943 662 2991 et
681 2937 781 2992 bovem
803 2941 959 2992 mactasset
976 2936 1102 3016 ipsisque
1119 2935 1148 2989 in
1166 2953 1261 2990 escam
1274 2935 1321 2989 de·

150 3009 257 3072 disset,
277 3006 363 3060 variis
376 3006 480 3060 morbis
498 3005 655 3074 implicuit,
673 3005 914 3075 daemonibusque
928 3004 1063 3071 subiecit,
1081 3022 1114 3058 ac
1132 3005 1236 3058 multos
1249 3003 1320 3058 affli-

150 3076 246 3148 gendo
260 3075 330 3128 deus
343 3090 405 3128 esse
419 3075 549 3128 creditur.
586 3073 726 3138 Quocirca
737 3091 794 3128 non
810 3081 893 3144 puto,
911 3090 928 3126 a
946 3089 1085 3142 quoquam
1102 3072 1322 3144 igncmtantum

149 3160 304 3199 accensum
324 3159 408 3211 posse
430 3141 580 3212 exstingui.
617 3141 709 3204 Quare
730 3159 764 3195 ca
784 3141 891 3212 gratia,
915 3145 948 3192 ut
968 3158 1018 3194 vos
1039 3141 1069 3194 in
1089 3141 1246 3209 periculum
1266 3157 1322 3194 non

150 3211 289 3275 veniatis,
310 3207 407 3263 hortor
426 3227 461 3264 ne
481 3209 633 3279 quidquam
654 3208 774 3262 tentetis
794 3208 930 3262 adversus
948 3223 1026 3271 eum,
1047 3213 1199 3276 antequam
1220 3207 1322 3259 Petrus

151 3297 168 3333 a
189 3279 300 3332 ostolns
320 3277 444 3344 venerit,
466 3277 514 3346 qui
533 3294 596 3330 cum
614 3277 652 3329 sit
670 3274 777 3330 domini
794 3281 824 3328 et
841 3273 898 3326 Dei
917 3279 947 3326 et
970 3273 1124 3327 Salvatoris
1146 3273 1236 3326 nostri
1256 3272 1323 3326 Iesu

151 3415 178 3466 d·
208 3346 260 3467 iim
277 3343 495 3415 probatissimus
513 3344 685 3414 discipulus,
702 3341 808 3414 poterit
827 3341 903 3396 solus
921 3345 1020 3394 contra
1036 3345 1147 3394 tantam
1163 3339 1322 3410 potentiam

170 3432 209 3468 rm
222 3429 296 3468 care.

151 3673 273 3723 electione
290 3676 365 3735 atque
378 3670 569 3734 inauguratione
581 3669 717 3736 episcopali
759 3663 787 3735 4)
809 3669 884 3718 Vooc.
910 3661 1043 3749 ζητήσεως
1065 3661 1207 3730 ἡττηθεὶς,
1233 3680 1322 3732 παρα-

153 3741 288 3792 Caesareue
300 3740 375 3788 Hom.
387 3738 435 3800 III,
445 3734 479 3787 63
489 3753 543 3802 sqq.
561 3737 641 3786 fusius
653 3737 716 3786 refe·
755 3734 852 3806 χρῆμα
867 3731 994 3806 duodone
1011 3732 1133 3786 ἐνταῦθα
1151 3728 1242 3784 πολλὰ
1256 3728 1324 3784 κακὰ

152 3812 224 3868 runt,
242 3823 271 3856 ca
287 3805 372 3854 eodem
390 3806 441 3855 lere
457 3805 637 3856 sententiarum
653 3819 718 3853 nexu
760 3798 978 3872 διαπράσσεται·
997 3804 1041 3853 καὶ
1053 3799 1192 3869 λοιδορῶν
1204 3795 1255 3852 τὸν
1266 3801 1322 3852 Πέ·

152 3875 291 3938 iisdemquc
311 3873 404 3939 passim
428 3873 511 3922 verbis
534 3873 602 3922 infra
624 3872 654 3931 (c.
668 3866 718 3919 146
762 3887 828 3922 τον
840 3871 985 3920 exciderunt
996 3869 1131 3949 exemplari
1144 3870 1218 3918 0.-
1232 3863 1260 3934 5)
1273 3864 1322 3918 uri-

153 3939 219 4008 sqq.)
242 3941 272 3992 de
291 3941 418 3992 Clemente
436 3946 537 3990 narrata
552 3940 643 4000 habes,
662 3955 718 3987 oum
762 3955 809 3996 τος
821 3955 869 3988 οιιι.
884 3939 912 3988 0.
925 3963 959 3972 —-
974 3933 1000 3999 6)
1013 3947 1144 4004 κηρυσσει
1158 3935 1186 3984 0.

154 4011 244 4060 Petrus
263 4025 318 4059 eum
336 4025 419 4058 coram
432 4007 546 4058 fidelibus
559 4009 651 4056 Romae
664 4005 718 4072 epi-

154 4094 259 4144 scopum
270 4077 382 4138 eligeret.
756 4104 760 4112 ·
812 4073 871 4138 Gap.
891 4071 971 4121 XLV.
1008 4065 1033 4134 1)
1057 4069 1097 4116 Ita
1120 4067 1195 4116 ctiam
1218 4069 1323 4130 uterque

207 4146 268 4210 Cap.
281 4145 375 4194 XLIV.
411 4140 438 4210 1)
454 4143 564 4210 μέλλων
581 4141 656 4190 Ηοιιι.
669 4139 716 4199 ΠΙ,
761 4141 836 4189 Hom.
850 4139 918 4200 (iod,
931 4132 1014 4194 αὐτὸς
1025 4136 1088 4197 Reg.
1100 4149 1139 4200 ap.
1151 4134 1204 4183 Oot.
1218 4133 1321 4200 etEpit.

155 4209 201 4272 73;
214 4211 351 4283 μέλλοντί
359 4229 410 4282 μοι
422 4210 492 4276 Epit.
506 4224 527 4258 c.
539 4203 580 4257 44.
595 4236 627 4244 —
641 4201 669 4274 2)
687 4207 718 4256 In
761 4233 795 4241 -
806 4204 832 4270 2)
846 4205 989 4271 περιέλαβε
1000 4203 1028 4252 0.
1039 4229 1073 4237 —
1084 4196 1112 4318 ἑὲ)
1125 4196 1245 4266 ὑπέβαλε
1255 4202 1324 4250 0.-

156 4295 234 4342 marg.
252 4279 352 4329 Codicis
369 4279 389 4328 Ο
407 4282 467 4328 nota
487 4271 621 4339 καθολικὴ
637 4269 665 4335 ά,
687 4274 719 4324 ad
760 4269 787 4336 4)
805 4267 968 4342 νενόμισται
987 4271 1015 4321 0.
1036 4295 1070 4306 -
1108 4267 1117 4332 )
1136 4269 1182 4321 καὶ
1198 4267 1324 4340 σωτῆρος

156 4348 334 4398 oramllnati.
349 4340 466 4412 ‹at-3)
480 4340 633 4402 ὑπεδέξατο
646 4344 720 4392 0.-
762 4357 809 4392 om.
823 4342 851 4392 0.
1113 4369 1119 4384 .
