3126 4894
543 323 698 376 EPI'I'OME
715 323 859 374 ALTERA.
1225 317 1285 379 199

176 471 315 526 CXXIV.
349 471 389 525 Et
405 476 499 542 pater:
523 469 617 525 Multa
636 471 707 524 mihi
723 469 829 524 videris
851 470 945 526 dicere
961 473 1066 528 rationi
1083 487 1284 538 consentanea.

111 541 182 594 Tum
194 541 301 594 Petrus
320 538 406 592 dixit:
426 537 502 602 Quid
517 555 585 610 ergo
602 543 660 604 est,
678 537 754 608 quod
770 543 800 592 te
817 537 952 609 impedit,
970 543 1120 610 quomimss
1136 548 1235 603 venias
1247 552 1284 606 ad

111 613 236 661 nostram
249 605 357 660 fidem?
380 604 446 660 Soio
463 605 578 675 quidem
590 605 680 660 multa
692 621 769 672 esse,
788 622 860 675 quae
876 605 1031 684 retineant:
1050 606 1152 666 fideles
1170 616 1284 684 quidem

17 719 18 736 ¹
111 675 317 772 ⁰⁰⁰¹³¹²²f³⁰3¹⁰⁸
332 671 1285 809 mma“utrttfltttttttsslltfflttllttltt⁰¹¹³}

112 741 653 929 ghghnhlrlrliaieffphlglriggeffuihlfhichnt’
667 756 807 873 extitere,
828 807 875 860 vel
893 761 1120 867 cunctapGenesi
1138 823 1188 872 aut
1205 770 1286 875 c’ahhi

112 877 263 930 temerario
281 893 315 929 su
336 875 443 940 iacere,
460 873 507 928 vel
523 874 633 928 animas
649 873 784 928 mortales
796 890 873 940 esse,
889 875 936 928 rel
949 882 978 929 et
990 876 1148 936 doctrinam
1160 893 1286 941 nostram

17 945 18 948 ’
112 960 173 997 esse
186 942 303 1010 falsam,
316 941 396 996 nulla
405 941 535 995 nimirum
546 941 688 995 existente
698 940 885 1012 providentia.
903 942 967 1023 Ego
978 961 1044 1000 vero
1058 956 1162 1006 cuncta
1170 969 1221 1022 per
1228 953 1286 1009 Dei

111 1009 323 1090 providentiam
337 1008 490 1081 gubernari
502 1007 612 1062 affirmo
625 1025 660 1062 ex
672 1008 808 1088 iis,·quae
820 1009 875 1088 tibi
887 1011 1066 1091 acorderunt,
1083 1032 1209 1100 opusque
1222 1037 1285 1077 esse

112 1077 326 1147 prorrdentrae,
345 1076 421 1146 quod
437 1081 483 1130 tot
494 1092 583 1130 annos
595 1081 628 1128 tu
640 1093 674 1130 ac
689 1081 733 1128 tur
749 1075 847 1129 fuistis
860 1084 991 1147 separati.
1026 1080 1142 1138 Etenrm
1154 1105 1179 1140 sr
1190 1093 1286 1144 tecum

15 1189 16 1226 ζ
112 1145 301 1211 mansissent,
317 1144 392 1198 forte
404 1161 460 1198 non
472 1142 633 1197 audiissent
645 1159 802 1197 sermonem
814 1159 897 1198 verae
908 1145 1067 1218 religionis.
1100 1151 1286 1224 Propter-1100

113 1212 226 1282 provisa
239 1218 285 1266 est
297 1210 490 1282 peregrinatio
502 1209 655 1264 liberorum
668 1227 731 1264 cum
747 1215 851 1277 matre,
868 1211 938 1267 item
954 1214 1134 1287 naufragium
1146 1227 1176 1274 et
1187 1224 1286 1277 mortis

97 1301 101 1312 ·
114 1279 256 1358 suspicio3
269 1284 418 1348 praeterea
430 1279 496 1331 illos
508 1277 615 1331 erudiri
628 1277 657 1331 in
669 1279 781 1349 graecis
795 1278 986 1350 dogmatibus,
999 1288 1031 1335 ut
1040 1284 1141 1338 melius
1150 1293 1286 1358 tanquam

14 1403 15 1408 χ
114 1353 198 1416 perrtr
215 1351 337 1416 possent
354 1363 389 1400 ea
405 1352 546 1411 evertere,
567 1344 692 1400 adhaec
711 1345 847 1400 dilexisse
864 1347 982 1417 pietatis
1000 1349 1158 1407 doctrinam
1175 1357 1287 1411 etmihi

114 1414 244 1483 potuisse
257 1413 386 1478 adunari,
399 1412 436 1466 ad
448 1412 638 1466 adiuvandam
650 1412 893 1482 praedicationem
906 1431 1006 1482 meam,
1020 1417 1071 1470 sed
1080 1424 1109 1472 et
1118 1420 1211 1476 adhuc
1221 1441 1287 1478 eon·

115 1481 210 1534 venire
222 1481 342 1536 fratrem
354 1479 539 1546 Clementem,
554 1480 652 1560 sicque
664 1479 783 1550 agnosci
794 1486 926 1546 matrem,
944 1488 973 1535 et
984 1493 1151 1554 recuperata
1163 1492 1287 1546 sanitato

115 1549 198 1618 plene
211 1547 379 1618 persuaderi
391 1545 427 1601 de
439 1547 520 1600 cultu
532 1547 702 1612 divinrtatis,
715 1563 769 1601 nec
778 1547 868 1601 multo
880 1555 946 1628 post
955 1551 1052 1604 statim
1062 1554 1192 1623 geminos
1201 1556 1287 1625 filios,

116 1616 231 1686 agnitos
249 1619 280 1670 et
300 1619 507 1686 agnoscentes,
526 1631 556 1667 se
578 1614 658 1668 uenti
675 1631 785 1684 quoque
806 1614 853 1668 die
869 1615 924 1668 trbi
941 1633 1100 1686 occurrere,
1120 1628 1206 1693 teque
1223 1631 1288 1680 tuos

116 1683 252 1753 recipere.
288 1682 411 1736 Tantam
427 1681 516 1752 igitur
532 1699 550 1735 a
571 1697 660 1751 eoque
673 1681 796 1736 celerem
812 1681 1022 1738 cohaerentiam
1035 1687 1161 1758 undique
1173 1709 1288 1746 concur·

115 1757 225 1804 rentem
237 1749 372 1804 adunam
384 1749 498 1804 consilii
510 1760 614 1802 metam
626 1765 683 1802 non
695 1753 764 1819 puto
776 1749 884 1820 absque
896 1751 1076 1820 providentia
1088 1757 1245 1830 contigisse

183 1849 304 1930 CXXV.
334 1851 372 1904 Et
383 1855 465 1920 pater
477 1848 573 1929 coepit
586 1848 680 1929 dicere
692 1847 791 1904 Petro:
810 1849 854 1906 Ne
866 1851 1022 1920 arbitreris,
1035 1857 1180 1936 carissime
1192 1860 1287 1929 Petra,

117 1916 834 2041 titulaturtitillatutralatu
844 1917 958 2042 tlte·
973 1920 1289 2050 ,disturbetur

117 2061 206 2109 tatem
226 2070 311 2124 quam
328 2051 492 2130 praedicas,
502 2050 655 2131 respondi:
674 2051 744 2120 quid
758 2053 837 2132 'enim
854 2055 920 2108 nori
935 2009 1099 2178 praecipere
1117 2063 1181 2132 quis
1190 2071 1290 2143 potest

136 2127 232 2176 raeter
244 2121 274 2173 id
307 2118 382 2190 quod
398 2124 510 2189 antiqui
526 2117 716 2172 monuerunt?
733 2118 774 2172 At
792 2119 855 2187 rlle,
868 2127 934 2192 post
954 2141 1019 2178 uam
1043 2127 1136 2183 eniter
1146 2129 1220 2197 risit,
1233 2133 1289 2186 ait:

167 2205 256 2261 gnum
269 2159 422 2240 discrimen
434 2194 492 2253 est,
509 2191 603 2256 pater,
622 2185 697 2240 inter
706 2187 855 2258 religionis
873 2206 907 2244 ac
923 2209 942 2260 p
964 2190 1122 2263 ilosophiae
1139 2214 1288 2253 sermones.

117 2257 193 2312 Nam
217 2271 309 2309 sermo
332 2253 464 2307 raritatis
488 2270 522 2307 ex
545 2252 696 2324 prophetia
725 2254 947 2324 demonstratur,
971 2258 1170 2332 philosophiae
1196 2272 1289 2320 autem

119 2341 226 2390 sermo,
244 2321 419 2394 elegantiam
436 2320 573 2374 exhibens
590 2321 741 2401 orationis,
762 2339 797 2375 ex
815 2323 991 2382 coniecturis
1000 2327 1113 2382 videtur
1128 2331 1228 2385 afferre
1243 2334 1290 2388 de-

10 2393 11 2398 ’
118 2390 349 2446 monstrationes.
384 2388 500 2468 Hisque¹
516 2381 603 2442 dictis
621 2389 742 2458 exempli
759 2389 854 2459 gratia
865 2390 1035 2447 'doctrinam
1057 2394 1092 2449 de
1113 2396 1290 2453 humanitate

118 2457 190 2512 mihi
207 2457 354 2528 exposuit,
372 2474 456 2527 quam
475 2473 501 2510 er
519 2472 713 2521 emanaverat,
731 2472 803 2525 quae
820 2456 889 2509 mihi
905 2458 1035 2528 profecto
1054 2463 1174 2517 maxime
1191 2465 1292 2535 iniqua

119 2525 279 2581 videbatur.
308 2525 346 2578 Et
359 2541 413 2594 quo
425 2523 519 2590 modo,
533 2524 634 2578 dicam.
664 2521 794 2591 Aequum
806 2523 904 2578 aiebat
916 2542 989 2592 esse,
1003 2534 1033 2580 et
1046 2529 1073 2583 ei
1085 2531 1134 2599 qui
1146 2533 1291 2587 maxillam

118 2600 199 2648 trram
216 2595 354 2663 percutit,
371 2593 491 2646 alteram
507 2608 618 2662 quoque
635 2606 789 2670 opponere,
807 2596 836 2644 et
854 2592 880 2644 ei
897 2592 946 2662 qui
962 2593 1055 2649 aufert
1071 2603 1151 2650 tuum
1163 2599 1291 2668 pallium,

118 2659 234 2716 tradere
247 2666 277 2714 et
288 2659 421 2725 maforte,
435 2665 464 2712 et
477 2676 540 2712 cum
553 2676 600 2725 eo,
617 2675 667 2728 qur
678 2657 716 2712 ad
727 2674 814 2712 unum
825 2659 947 2715 milliare
960 2661 1063 2733 adigit,
1075 2681 1127 2734 per
1141 2665 1195 2722 duo
1208 2667 1291 2736 profi-

122 2728 207 2796 cisci,
220 2734 306 2797 atque
318 2727 376 2781 alia
388 2725 502 2780 similia.

190 2827 323 2883 CXXVI.
358 2825 519 2896 Respondit
534 2825 650 2879 Petrus:
676 2823 716 2879 At
737 2825 766 2881 ui
786 2827 840 2882 hoc
862 2827 1033 2885 existimasti
1053 2832 1094 2886 ini
1114 2851 1194 2901 uum,
1236 2836 1293 2891 uod

121 2895 326 2967 aequissimum
339 2900 391 2949 est.
425 2893 469 2947 Ac
482 2895 507 2947 si
519 2892 600 2946 lubet
612 2892 687 2947 audi.
747 2900 854 2966 tpater
867 2897 951 2951 dixit:
970 2897 1088 2954 Prorsus
1096 2849 1189 2956 tiubet.
1217 2851 1293 2956 hum

121 2965 240 3019 Petrus:
258 2962 332 3017 Num
345 2961 400 3015 tibi
411 2961 537 3027 videtur,
556 2979 620 3015 cum
637 2960 697 3014 duo
704 2979 788 3034 reges
800 2963 909 3018 inimici
922 2971 1030 3020 suntet
1043 2967 1149 3023 divisas
1160 2971 1293 3042 regiones

121 3037 234 3097 tenent,
248 3029 272 3082 si
285 3029 425 3108 quispiam
438 3046 473 3082 ex
485 3029 535 3094 iis,
553 3029 601 3100 qui
615 3028 738 3083 subiecti
756 3037 822 3084 sunt
834 3031 932 3100 alteri,
945 3033 975 3086 in
987 3035 1104 3089 alterius
1115 3037 1232 3109 regione
1246 3039 1293 3092 de·

121 3097 327 3170 prehendatur,
351 3095 471 3165 ideoque
493 3101 634 3151 mereatur
653 3103 783 3166 mortem.
804 3104 835 3152 at
856 3099 990 3170 colapho,
1012 3120 1069 3157 non
1085 3110 1180 3159 autern
1199 3107 1294 3178 capite

121 3165 241 3237 punitus
257 3181 378 3235 poenam
395 3163 512 3228 eradat,
533 3183 600 3218 num
617 3163 732 3224 videtur
749 3164 903 3231 humanus,
925 3168 974 3236 qni
992 3171 1104 3224 veniam
1126 3173 1227 3226 dedit?
1256 3175 1295 3227 Et

122 3239 206 3304 pater
221 3233 276 3286 ait:
299 3231 467 3285 Admodum.
503 3231 586 3285 Dixit
602 3231 718 3284 Petrus:
741 3231 817 3296 Quid
833 3249 913 3299 vero,
931 3235 956 3286 si
973 3235 997 3286 is
1015 3237 1076 3305 ipse
1098 3239 1185 3293 etiam
1205 3241 1293 3294 alicui

122 3300 267 3372 proprium
278 3300 325 3354 vel
338 3298 417 3354 aliud
448 3298 498 3352 uid
509 3299 634 3364 auferat,
652 3303 681 3351 et
697 3298 727 3351 in
739 3299 815 3352 furto
832 3300 1050 3378 comprehensus
1068 3303 1092 3355 si
1106 3305 1222 3374 duplum
1235 3307 1293 3387 det,

123 3386 190 3422 cum
206 3367 357 3438 quadrupli
374 3366 413 3420 sit
429 3316 556 3433 debitor,
579 3366 749 3445 insuperque
769 3365 881 3431 mortis,
903 3383 952 3436 qur
969 3383 1070 3437 nempe
1091 3369 1122 3422 in
1138 3373 1295 3426 adversarii

124 3435 232 3490 finibus
248 3440 349 3504 captus
368 3435 420 3500 sit,
436 3450 530 3488 nonne
547 3433 603 3488 tibi
621 3433 747 3499 vrdetur,
768 3433 920 3486 humanum
936 3450 999 3488 esse
1016 3451 1095 3502 eum,
1112 3437 1161 3506 qui
1178 3438 1295 3508 duplum

123 3503 240 3574 accepit
252 3507 282 3556 et
293 3507 411 3554 mortem
424 3501 468 3554 illi
479 3499 609 3556 remisit?
626 3500 665 3554 Et
676 3506 758 3572 pater
769 3501 805 3554 ad
816 3499 888 3554 haec
895 3501 1058 3580 respondit:
1083 3504 1166 3559 Nunc
1181 3523 1297 3576 persua·

124 3569 193 3625 sisti
204 3567 275 3623 mihi
287 3585 345 3635 eos,
359 3568 407 3638 qui
420 3568 552 3623 iniuriam
564 3567 688 3635 faciunt,
706 3567 801 3639 potius
818 3567 949 3622 iniuriam
965 3569 1041 3640 pati,
1059 3587 1108 3626 eos
1120 3577 1229 3642 autem,
1247 3575 1296 3645 qui

127 3829 184 3878 OV.
199 3855 235 3865 —
253 3822 281 3943 3)
296 3825 329 3897 τῇ
341 3841 389 3875 om.
404 3827 435 3876 V.
453 3852 488 3863 -
502 3821 531 3892 4)
546 3827 621 3876 Voce.
635 3825 692 3878 τῶν
786 3827 845 3894 Cap.
856 3829 974 3880 CXXVI.
997 3827 1023 3892 1)
1037 3828 1121 3883 ἐστιν.
1135 3826 1212 3883 r‘a'om.
1223 3835 1252 3883 0.
1263 3859 1298 3870 -

127 3897 246 3954 τέκνων,
281 3894 321 3942 ein
333 3895 378 3944 καὶ
390 3897 507 3960 ναυαγία
519 3894 609 3942 desunt
619 3893 647 3943 in
660 3895 691 3945 V.
734 3890 762 3962 ἓ)
783 3895 822 3944 Ita
843 3897 889 3945 OV
910 3912 967 3945 cum
990 3903 1076 3946 nostro
1096 3899 1172 3948 Hom.
1192 3900 1252 3949 Cod.
1273 3906 1299 3950 et

125 3989 160 4000 -
172 3959 199 4028 5)
212 3956 283 4014 ἄθεα
293 3960 383 4010 inserit
395 3962 424 4010 Ο.
439 3987 474 3996 -
490 3958 516 4040 6)
530 3955 602 4011 οὕτω
616 3963 692 4018 0.-
734 3962 804 4027 Epit.
831 3963 934 4012 Rectius
953 3959 968 4014 ὁ
987 3960 1077 4031 πατὴρ
1094 3965 1256 4015 substituitur
1268 3982 1297 4015 ex

126 4025 155 4097 l)
169 4029 217 4094 τῆς
233 4023 366 4091 θεότητος
383 4023 447 4095 (τὴν
464 4033 583 4093 θεοτητα
596 4027 691 4091 Ottob.)
735 4029 853 4079 cotelerii
871 4029 909 4079 ed.
925 4031 999 4080 Hom.
1012 4031 1071 4092 XV,
1084 4029 1107 4080 6.
1126 4057 1160 4067 -
1176 4027 1204 4098 3)
1217 4029 1297 4100 ὀφεί-

127 4097 184 4147 add.
193 4097 270 4147 Hom.
283 4089 356 4160 -8)
369 4097 475 4146 salom.
489 4097 518 4145 0.
734 4096 791 4146 λων
807 4097 836 4147 0.
863 4096 948 4146 Etiam
965 4097 1041 4146 Hom.
1058 4097 1117 4157 XV,
1134 4095 1151 4146 6
1167 4114 1223 4147 curn
1236 4099 1296 4148 eod.
1329 4146 1337 4160 ,

180 4165 240 4279 (lag.
253 4162 358 4214 CXXV.
389 4159 416 4229 1)
430 4163 586 4214 συνθέσθαι
601 4161 652 4212 des.
664 4162 691 4210 in
734 4167 820 4212 nostro
838 4162 1008 4228 reponendum
1025 4160 1136 4230 ὀφείλει
1159 4181 1205 4231 pro
1225 4171 1297 4232 typo·

127 4325 162 4336 -
172 4293 202 4366 4)
213 4298 254 4348 Ita
265 4313 313 4347 scr.
329 4298 383 4347 0V.
396 4323 431 4334 -
445 4293 474 4364 5)
489 4313 517 4348 τε
530 4298 559 4347 0.
575 4323 610 4334 -
621 4292 649 4364 6)
662 4292 692 4348 ἓν
734 4292 759 4355 5)
773 4297 812 4345 lta
824 4299 844 4345 0
858 4313 879 4345 c.
891 4297 976 4358 Hom,
986 4297 1065 4363 Epit,
1075 4295 1216 4367 ἀφελεῖται
1226 4301 1298 4350 V.-

127 4384 176 4417 om.
191 4367 222 4417 V.
244 4391 277 4400 -
295 4358 322 4431 7)
335 4361 487 4426 Luc.b',29.
508 4359 692 4427 Matth.5,39.
734 4361 762 4425 6)
776 4361 859 4414 τοῦτο
873 4365 948 4415 V.—
961 4359 988 4430 7)
1001 4364 1093 4418 ἔναν.
1106 4362 1179 4432 -8)
1192 4366 1299 4436 μᾶλλον

235 4225 309 4298 )τῆς
320 4245 367 4278 orn.
379 4231 411 4280 Ο.
431 4256 464 4265 -
480 4225 508 4296 3)
521 4228 647 4281 αἰτοῦντι
662 4230 692 4278 Ο.
734 4233 817 4279 thetae
833 4245 916 4278 errore
929 4225 1052 4295 ὀφείλον.
1069 4259 1103 4267 -
1119 4226 1147 4296 4)
1166 4230 1197 4283 dt
1214 4233 1245 4283 V.
1266 4260 1298 4269 —
