3126 4894
579 341 862 392 renouaraios.
1257 329 1299 392 93

122 503 1300 653 littttttttl{thitidestt,lttttdtttttttttttltttt

522 613 529 625 ·
1178 612 1185 640 r

124 644 250 698 Simonis
265 645 302 696 iin
325 642 429 695 iissimi
441 659 475 696 ac
488 641 571 696 nobis
583 641 783 696 inimicissimi.

190 710 307 767 CXXX
336 710 372 763 lI.
402 709 449 764 Ita
460 710 545 764 Petro
558 710 693 780 loquente
707 710 853 781 ingressus
867 714 912 763 est
925 707 1038 778 quidam
1052 726 1086 762 eii
1099 708 1134 761 iis
1162 709 1210 780 qui
1221 727 1300 780 prae·

122 787 271 834 cesserant
291 776 449 832 Antiochia
468 777 585 832 veniens
608 777 749 846 dixitque:
779 775 860 830 Haec
881 776 953 831 scire
974 782 1004 830 ts
1026 776 1107 842 volo,
1129 747 1241 832 dominc
1262 777 1301 830 mi

121 847 220 901 Petre:
250 846 348 901 Simon
366 861 430 899 cum
452 849 530 900 esset
545 843 733 911 Antiochiae,
756 843 872 924 publice
892 844 983 898 multa
1023 851 1169 899 ortentoss
1190 844 1300 900 faciens

122 914 194 968 nihil
204 914 287 968 aliud
300 930 416 984 operam
429 911 526 979 dabat,
539 930 623 982 quam
635 918 667 966 ut
680 918 709 965 te
722 913 851 966 odiosum
864 911 923 964 illis
937 912 988 965 red
1010 919 1079 980 eret,
1092 929 1176 982 quein
1187 931 1301 984 magum

122 979 1301 1119 tttittltttttttitttftttttttttlttlltttlittttttttltttt

123 1117 215 1172 ferino
233 1133 312 1172 more
326 1115 476 1188 deglutire.
512 1115 552 1168 At
564 1133 615 1169 nos
630 1116 749 1169 multum
762 1119 900 1168 contraite
913 1113 1031 1172 fremere
1045 1116 1191 1170 civitatem
1204 1116 1302 1170 intuiti

122 1186 269 1250 venimus,
292 1190 325 1238 ut
345 1183 544 1238 nuntiaremus
565 1183 628 1237 tibi.
664 1182 768 1238 Sedet
789 1181 904 1251 quidam
928 1183 1012 1238 homo
1031 1183 1128 1255 regine
1144 1201 1162 1238 a
1179 1183 1302 1239 Caesare

141 1251 282 1308 uaerendi
302 1251 425 1306 Simonis
439 1251 532 1333 gratia
544 1251 582 1304 ad
593 1250 756 1322 provinciae
769 1251 929 1321 praesidem
946 1251 1049 1305 missus
1067 1251 1201 1318 audiens,
1220 1253 1301 1306 illum

122 1271 192 1392 iuga
213 1320 353 1374 Iudaeam
369 1322 523 1390 petivisse,
544 1318 606 1388 ipse
625 1335 735 1389 quoque
756 1319 793 1373 ad
813 1335 877 1371 eum
897 1318 1088 1388 quaerendum
1106 1318 1191 1388 abiit,
1214 1325 1246 1374 ut
1268 1337 1302 1374 ex

124 1388 258 1443 Caesaris
292 1404 375 1442 raece
397 1393 427 1441 to
439 1403 546 1458 poenas
560 1386 595 1439 de
608 1404 642 1440 eo
655 1386 759 1457 capiat.

191 1455 214 1509 C
265 1455 275 1470 ⁷
309 1454 390 1508 Vll.
418 1454 528 1518 Quibus
546 1454 652 1508 auditis
664 1454 766 1508 Petrus
779 1453 816 1508 ad
828 1451 966 1506 Faustum
978 1457 1088 1524 patrem
1100 1453 1155 1508 ait:
1175 1453 1241 1525 Ipse
1254 1472 1302 1510 au·

123 1525 203 1578 ribus
216 1524 278 1576 tuis
291 1522 398 1576 audisti
409 1540 443 1576 ex
453 1523 498 1588 iis,
511 1521 560 1591 qui
569 1539 633 1576 cum
642 1521 868 1592 praecessissent
880 1527 1018 1574 venerunt
1027 1519 1192 1588 Antiochia,
1206 1539 1301 1592 quem·

124 1591 280 1646 admodum
299 1589 397 1644 Simon
409 1590 471 1644 illic
482 1589 594 1660 positus
610 1589 824 1643 multitudinem
836 1588 971 1642 adversus
985 1606 1029 1643 me
1041 1588 1225 1644 vehementer
1236 1607 1301 1644 con-

124 1659 239 1726 citarit,
278 1659 374 1712 lanum
396 1664 425 1712 et
443 1657 530 1712 caede
547 1657 702 1728 pollutum,
723 1656 761 1712 ad
781 1656 852 1711 haec
869 1674 983 1728 magum
999 1674 1033 1711 ac
1053 1657 1300 1729 praestigiatorem

123 1727 240 1796 aliaque
257 1677 422 1780 huiusmodi
438 1743 613 1796 nuncupans.
649 1724 664 1778 I
687 1725 743 1778 itur
755 1742 830 1778 nunc
843 1723 932 1779 facito
946 1724 1053 1791 statim,
1067 1725 1142 1806 quod
1155 1741 1209 1797 ego
1221 1742 1301 1794 prae·

125 1794 201 1864 cipio
214 1793 282 1859 tibi,
296 1799 325 1848 et
334 1793 436 1848 relicto
447 1792 595 1847 Clemente
605 1744 685 1863 apud
690 1810 735 1847 me
745 1793 806 1872 ipse
817 1792 956 1862 praecede
965 1792 1003 1846 ad
1010 1790 1194 1847 Antiochiam
1204 1791 1303 1846 urbem

123 1880 179 1916 una
198 1879 265 1916 cum
282 1878 368 1915 uxore
391 1859 547 1915 Matthidia
564 1865 649 1930 atque
670 1859 809 1914 Faustino
827 1865 857 1913 et
874 1859 1062 1914 Faustiniano
1084 1860 1196 1927 liberis3
1221 1867 1304 1914 erunt

126 1930 213 1984 etiam
226 1935 324 1983 tecum
333 1929 384 1982 alii
397 1929 521 1998 quidam,
535 1927 583 1998 qui
595 1945 686 1982 meam
698 1929 875 1982 voluntatem
886 1934 1020 1998 poterunt
1033 1929 1163 1998 exsequi·
1183 1927 1303 1983 cumbis

124 1997 300 2054 Antiochiae
319 1996 479 2051 consistens
499 1995 565 2050 dum
580 1995 698 2050 formam
718 1995 840 2050 Simonis
858 1995 914 2050 iam
927 1995 1104 2063 circumfers,
1116 1967 1211 2068 paism
1223 2013 1303 2066 prae·

128 2065 286 2119 dieatuam
319 2063 513 2118 oenitentiam.

192 2131 248 2186 CX
309 2130 359 2184 IX.
392 2133 453 2186 Ista
472 2149 536 2186 cum
553 2131 655 2185 Petrus
676 2131 811 2197 dixisset,
831 2130 957 2185 Faustus
980 2131 1028 2201 qui
1046 2131 1151 2186 mentis
1173 2132 1304 2188 acumine

125 2200 269 2270 pollebat,
294 2199 382 2266 Novi,
401 2199 495 2268 inquit
513 2199 626 2253 domine
646 2200 700 2267 mi,
722 2199 791 2270 quid
812 2199 884 2253 haec
902 2199 958 2253 sibi
974 2199 1066 2258 uelint
1083 2200 1177 2254 verba.
1211 2200 1303 2264 Quare

125 2285 159 2322 ne
182 2267 292 2323 labora.
323 2266 396 2320 Mihi
413 2267 489 2322 enim
506 2283 589 2322 curae
608 2268 677 2335 erit,
699 2269 812 2337 quando
829 2266 891 2321 illic
907 2267 987 2321 fuero
1004 2267 1143 2338 imperata
1180 2266 1304 2322 erficere.

124 2335 229 2416 ltaque
253 2342 340 2389 noctu
365 2353 428 2389 cum
449 2335 499 2401 iis,
522 2353 592 2406 quos
613 2335 715 2390 Petrus
739 2335 876 2400 iusserat,
903 2335 1049 2404 digressus
1072 2335 1108 2388 ab
1129 2287 1198 2389 urbe
1222 2342 1306 2405 pater

125 2402 312 2457 Antiochiam
332 2403 518 2474 propinquam
541 2403 688 2458 civitatem
705 2403 792 2456 venit.
831 2400 973 2470 Stansque
994 2401 1024 2455 in
1040 2402 1135 2455 medio
1152 2401 1213 2456 foro
1231 2403 1304 2456 dixit

125 2472 162 2526 ad
179 2470 409 2524 multitudinem:
428 2471 492 2541 Ego
516 2469 626 2538 Simon,
645 2488 660 2524 e
683 2469 788 2524 ohaec
809 2468 891 2522 vobis
911 2470 1067 2538 pronuncio
1087 2475 1117 2522 et
1133 2469 1240 2535 fateor,
1259 2486 1304 2523 me

126 2539 224 2620 inique
246 2539 397 2592 mentitum
414 2554 477 2592 esse
496 2539 632 2592 adversus
675 2542 773 2592 etrum.
810 2534 876 2590 Non
894 2541 939 2590 est
952 2536 1102 2605 impostor,
1119 2552 1177 2590 non
1190 2537 1305 2608 sangui·

17 2683 18 2698 ¹
126 2625 238 2672 narius,
256 2623 314 2660 non
331 2606 548 2727 praestigiator,
565 2623 657 2676 neque
682 2602 778 2659 affinis
794 2603 848 2656 ulli
865 2620 961 2683 eorum
986 2605 1138 2682 scelerum,
1159 2621 1230 2684 quae
1253 2605 1304 2658 ali-

17 2731 18 2756 ,
125 2673 794 2797 tlttdtttfttttdttstettthtt
808 2688 956 2810 {iiiiii
997 2673 1306 2810 “ttatttlilfttt

125 2815 245 2881 propter
256 2809 354 2862 mundi
373 2809 493 2864 salutem
505 2810 599 2876 venit,
618 2810 674 2863 iste
693 2814 737 2862 est
750 2825 832 2861 verus
849 2805 1014 2878 Apostolus.
1051 2806 1190 2871 Quocirca
1203 2807 1306 2878 etipse

127 2895 184 2950 ego
196 2875 280 2930 vobis
293 2876 473 2931 consiliarius
486 2877 517 2930 in
534 2894 566 2931 re
579 2894 651 2948 quae
664 2876 701 2931 ad
718 2876 839 2930 salutem
855 2881 979 2929 vestram
991 2875 1115 2945 pertinet
1128 2873 1238 2930 efficior
1248 2892 1306 2929 mo·

126 2949 301 3014 necque,ut
313 2944 340 2998 ei
357 2941 443 2998 fidem
460 2945 608 3011 habeatis,
625 2945 745 3015 Deoque
763 2961 846 3014 quem
863 2943 1019 2998 annunciat
1038 2943 1176 3010 credatis,
1199 2943 1306 3014 alioqui

127 3019 191 3067 tota
209 3017 306 3066 vestra
323 3011 427 3065 civitas
446 3011 575 3066 funditus
588 3012 708 3083 peribit,
725 3029 760 3066 ac
772 3029 823 3065 vos
836 3029 898 3066 cuin
911 3011 968 3064 illa.
1006 3009 1093 3064 Cuius
1105 3018 1200 3068 autem
1213 3011 1307 3085 grstia

128 3081 202 3135 haec
222 3079 340 3132 dixerim
347 3117 355 3158 2
374 3080 461 3134 etiam
481 3079 577 3135 idios
597 3079 668 3134 scire
685 3079 758 3134 volo.
793 3079 857 3134 Hac
875 3079 952 3133 enim
969 3085 1052 3133 nocte
1064 3079 1172 3152 Angeli
1188 3078 1246 3136 Dei
1261 3097 1306 3135 inc

130 3148 250 3217 impium
274 3153 401 3218 graviter
422 3147 618 3220 flagellarunt,
643 3147 718 3218 quod
740 3147 871 3201 veritatis
892 3146 1026 3216 praeconi
1051 3164 1144 3201 essem
1166 3147 1306 3202 inimicus.

126 3215 236 3270 Hortor
257 3215 368 3284 itaque,
390 3232 426 3270 ne
451 3215 565 3270 etiamsi
586 3215 648 3286 ipsc
670 3215 728 3270 alio
749 3221 808 3268 tem
829 3231 876 3268 ore
897 3214 1015 3268 veniens
1037 3220 1185 3268 tentavero
1209 3221 1308 3270 contra

129 3283 246 3336 Petrum
259 3282 338 3352 loqui
356 3282 504 3352 recipiatis
519 3300 564 3337 me
576 3301 610 3338 ac
625 3283 758 3338 audiatis.
809 3281 873 3335 ohis
886 3281 991 3360 quippe
1004 3279 1154 3335 confiteor:
1173 3299 1228 3352 ego
1245 3300 1306 3335 suin

129 3368 246 3422 magus,
265 3367 319 3420 ego
342 3349 493 3421 impostor,
511 3349 799 3422 egopraestigiat013
818 3347 869 3401 sed
885 3352 1015 3417 poenitet
1032 3364 1084 3400 me.
1120 3347 1159 3399 Et
1175 3347 1306 3402 fortassis

127 3435 180 3489 per
197 3417 407 3488 poenitentiam
424 3435 546 3487 eaquae
563 3418 689 3488 improbe
709 3415 788 3489 gessi
805 3413 875 3467 milii
893 3418 1013 3483 possunt
1030 3413 1192 3467 condonari.

127 3660 207 3710 Hom.
219 3659 236 3707 1.
249 3673 281 3718 c.‚
298 3663 384 3708 nostra
398 3657 481 3725 Epit’
491 3665 516 3710 et
530 3659 562 3708 al,
577 3674 617 3793 ap.
632 3659 696 3720 cot,
744 3659 776 3708 sl.
791 3674 831 3724 cp.
850 3657 913 3719 Cot,
934 3652 1048 3709 ἐλθόντι
1066 3658 1140 3709 Horu.
1158 3655 1218 3720 XX,
1234 3652 1269 3707 20
1281 3663 1305 3707 et

127 3721 360 3789 συνεληλυθότων
372 3726 404 3776 al.
412 3742 452 3792 ap.
463 3727 517 3776 Cot.
528 3753 563 3762 -
574 3723 591 3776 3

126 3796 160 3844 D.
180 3819 216 3829 —
234 3789 264 3861 4)
284 3789 451 3859 narcissos
472 3797 501 3857 B,
527 3789 700 3862 προαγαγών
743 3794 807 3856 dot,
820 3788 855 3857 δὴ
869 3791 954 3844 ταῦτα
966 3794 996 3854 Ι),
1010 3789 1045 3859 δὴ
1058 3789 1090 3845 τὰ
1101 3793 1169 3856 vulg.
1193 3793 1305 3874 Scripse-

125 3862 206 3913 Hom.
220 3861 239 3910 1.
252 3811 358 3929 c.-b)
369 3855 542 3928 Ἀντιόχειαν
555 3862 668 3925 C,Hoin.
681 3861 699 3912 l.
742 3861 789 3910 rim
810 3861 907 3928 potius:
931 3863 976 3912 καὶ
997 3857 1032 3925 δὴ
1052 3855 1123 3931 μετὰ
1143 3858 1229 3912 ταῦτα
1249 3857 1306 3911 υπὸ

126 3945 159 3992 c.,
172 3933 198 3979 et
218 3933 304 3979 nostra
320 3929 389 3997 Epit
421 3929 532 3980 Subinde
549 3924 618 3981 κατὰ
635 3930 699 3980 male
742 3921 834 3980 νύκτα.
846 3924 1048 3994 Transponunti‘i
1059 3922 1306 3994 autissioderinse

128 3996 195 4048 Cler.
216 3995 254 4045 ed.
277 3993 352 4046 1724.
375 4022 410 4032 -
433 3992 460 4060 6)
480 3998 526 4048 καὶ
543 3997 648 4047 accessit
668 4013 699 4048 er
742 3996 793 4046 01).
805 4022 838 4030 -
854 3992 880 4061 3)
894 3991 946 4045 ὅσα
959 3997 1024 4066 περὶ
1035 3993 1124 4046 αὐτοῦ
1135 3992 1205 4045 ποτὲ
1214 3993 1306 4063 φαῦλα

126 4063 194 4114 BCD
208 4066 233 4112 et
244 4063 276 4113 sl.
287 4079 328 4131 ap.
341 4065 395 4116 (iot.
413 4091 440 4098 —
469 4059 496 4132 7)
511 4066 557 4116 καὶ
571 4063 656 4130 recepi
668 4080 698 4114 ex
742 4059 838 4130 ἔλεγον
847 4067 941 4142 transp.
951 4066 980 4113 Β.
991 4089 1024 4100 -
1033 4058 1148 4179 Aqadrqi
1155 4062 1247 4138 ulrice
1253 4061 1303 4110 inv.

126 4133 161 4182 D.
182 4157 217 4167 -
237 4127 264 4193 8)
307 4149 334 4182 οι
353 4131 419 4183 BCD
438 4135 463 4181 et
483 4131 514 4181 al.
534 4147 572 4199 ap.
595 4131 649 4182 Cot.
665 4157 698 4168 -
741 4125 1038 4198 Β.-,5)παυσασθαι
1086 4129 1221 4178 nostraeE
1239 4131 1306 4178 rtet

125 4196 157 4265 9)
171 4198 214 4248 Sic
227 4203 253 4248 et
291 4215 339 4248 om.
351 4199 411 4259 XX,
425 4195 458 4248 19
475 4203 500 4248 et
516 4204 603 4249 nostra
618 4199 697 4265 Epit,
741 4197 773 4247 cl.
783 4213 822 4263 ap.
833 4192 1025 4264 Cot.-6)tr'1v
1034 4195 1203 4246 oni.BCD.-
1253 4195 1304 4246 τοῦ

120 4263 291 4331 Ἀντιοχέων
302 4267 369 4316 ΒΟΙ)
382 4271 407 4316 et
419 4266 450 4314 sl.
465 4281 504 4332 ap.
518 4267 573 4316 Cot.
587 4293 620 4301 —
742 4263 814 4316 θεοῦ
825 4267 855 4327 Β,
867 4265 941 4314 Hom.
958 4263 1018 4326 XX,
1037 4259 1070 4312 19
1086 4268 1111 4313 ct
1126 4262 1245 4312 nostraIl
1263 4263 1301 4325 it,

181 4333 241 4398 Cap.
259 4333 404 4385 CXXXIX.
432 4330 459 4400 1)
475 4328 631 4401 γενόμενον
649 4333 699 4383 suit
741 4324 1102 4397 om.=9soiial.sp.Cot.-8)
1133 4348 1159 4380 οι
1169 4279 1298 4393 omBCl),

616 3722 697 3794 γόῖτα
743 3731 831 3776 nostra
841 3725 911 3792 Epit.
923 3751 958 3760 —
975 3721 1001 3789 2)
1015 3722 1085 3790 δῆτα
1097 3742 1127 3776 ex
1138 3725 1179 3776 Bc
1192 3729 1217 3775 ct
1228 3725 1253 3776 ul
1265 3741 1305 3793 sp.

22 4463 23 4467 Ἰ
129 4401 159 4449 in
180 4401 210 4462 B,
230 4403 396 4468 γενομένονι
416 4396 475 4469 (sic)
494 4401 526 4464 D,
544 4395 698 4468 γενόμενον
740 4404 841 4449 nostrae
856 4399 926 4464 Epit.
941 4399 962 4446 0
978 4398 1094 4464 etal.ap.
1124 4402 1157 4447 ot.
