3126 4894
568 356 722 404 1111101111
741 356 851 405 aaron.
1259 337 1300 402 67

128 503 292 558 effectorem
303 501 377 556 caeli
389 508 419 556 ct
428 508 521 555 terrac
535 507 564 555 et
576 501 659 554 huius
670 518 752 570 quem
765 502 845 556 vides
858 501 964 567 mundi,
977 500 1094 571 eiusque
1108 501 1201 572 legem
1214 519 1305 558 servu-

126 591 196 638 mus,
210 588 285 640 quae
297 571 328 623 in
340 570 437 640 primis
451 569 595 634 continet,
608 569 700 638 ipsum
714 570 804 622 solum
818 569 969 623 colendum
983 585 1056 634 esse,
1070 568 1305 623 sanctificandum

126 657 228 694 nomen
241 638 314 704 eius,
327 637 507 692 honorandos
519 641 663 707 parentes,
676 643 868 706 temperanter
876 637 1029 690 vivendum
1041 643 1070 690 et
1084 636 1239 706 inculpate,
1253 655 1305 691 nee

127 724 253 761 mensam
266 724 330 759 cum
345 704 511 759 Gentilibus
529 721 704 758 communem
721 704 895 771 habendam,
917 704 992 774 quod
1010 703 1146 776 impuram
1158 704 1246 758 vitam
1259 705 1306 759 dc-

127 781 203 846 gant.
241 772 314 826 Cum
327 780 422 827 autem
436 773 478 826 eis
491 771 728 842 persuascrimus,
746 773 852 826 sentire
865 789 899 826 ac
911 772 1005 825 faeere
1019 790 1053 826 ea
1070 789 1141 842 quae
1155 773 1192 826 ad
1204 773 1306 826 verita-

126 849 182 896 tem
196 847 343 912 spectant,
358 858 438 894 sacro
450 839 594 909 baptismo
607 840 682 893 iuter
693 839 780 893 beata
792 840 912 910 quadam
931 839 1052 893 nominis
1070 840 1251 895 invocatione
1264 841 1306 894 eis

127 910 230 963 donato
243 915 306 962 tum
321 909 433 962 demum
449 925 507 961 una
524 925 587 961 oum
604 907 664 960 illis
682 907 769 961 etiam
786 907 933 962 vescimur.
968 907 1105 977 Alioquin
1122 925 1175 962 nec
1188 908 1212 960 si
1224 915 1307 978 pater

127 977 163 1030 sit
181 983 231 1031 aut
249 981 356 1042 mater,
374 981 424 1031 aut
441 992 525 1041 uxor,
543 981 593 1028 aut
609 976 718 1046 proles,
736 980 785 1028 aut
802 975 902 1042 frater,
919 981 969 1030 aut
986 975 1079 1045 quivis
1095 975 1169 1030 alius
1182 975 1304 1030 naturali

126 1061 216 1098 amore
249 1061 347 1109 carus,
371 1061 434 1097 cum
456 1043 518 1112 ipso
540 1043 634 1096 cibum
660 1059 768 1096 sumere
791 1043 900 1097 licitum
921 1049 965 1096 est
989 1043 1079 1097 nobis.
1115 1043 1178 1098 Hoc
1200 1045 1304 1114 quippe

126 1111 295 1181 praesertim
313 1111 350 1164 ob
376 1109 462 1164 fidem
488 1110 607 1180 agimus.
642 1109 686 1165 Ne
713 1109 801 1181 igitur
822 1111 1023 1165 eontmneliam
1046 1111 1206 1178 existimes,
1228 1112 1303 1181 quod

125 1187 219 1233 tecum
238 1177 320 1232 filius
343 1177 438 1232 cibum
460 1195 516 1231 non
537 1178 642 1248 capiat,
662 1194 752 1247 usque
770 1184 869 1250 quotu
883 1179 982 1233 eadem
994 1179 1261 1234 nobiscumsentias
1274 1187 1303 1233 et

128 1263 206 1318 agas.

196 1330 260 1384 CII.
280 1330 336 1382 His
349 1329 401 1384 illa
413 1329 520 1384 auditis
532 1330 588 1384 ait:
607 1328 682 1393 Quid
690 1347 762 1400 ergo
774 1329 895 1399 impedit
907 1329 992 1383 hodie
1004 1346 1048 1383 mc
1058 1329 1218 1399 baptizari?
1231 1349 1303 1400 quae

129 1405 156 1452 et
169 1405 327 1467 antequam
339 1398 465 1452 viderem
477 1403 507 1452 te
520 1414 578 1464 eos,
592 1397 641 1466 qui
655 1397 787 1450 dicuntur
799 1414 862 1451 csse
881 1397 936 1462 dii,
951 1403 1083 1450 aversata
1096 1415 1155 1450 sum
1168 1397 1303 1468 perhanc

127 1466 393 1533 ratiocinationem,
413 1466 567 1535 quodcum
586 1465 676 1518 multa
694 1464 753 1519 fere
766 1464 893 1534 quotidie
907 1463 977 1534 ipsis
990 1463 1171 1530 immolarem,
1191 1465 1259 1517 milri
1273 1465 1302 1519 in
1372 1515 1376 1524 ,

126 1534 253 1588 adversis
269 1533 357 1586 rebus
374 1550 431 1587 non
448 1533 592 1587 affuerint.
628 1532 788 1602 De'stupro
807 1539 902 1586 autem
938 1531 988 1584 uid
1005 1537 1117 1600 oportet
1129 1549 1172 1584 me
1187 1533 1302 1586 dicere?

125 1601 357 1670 quandoquidem
371 1617 424 1654 nec
437 1601 555 1654 divitem
569 1599 690 1654 deliciae
703 1617 748 1654 me
761 1599 864 1654 adhoc
881 1549 1064 1669 pellexerint,
1082 1615 1135 1652 neo
1149 1599 1303 1656 subsecuta

142 1674 279 1739 aupertas
298 1685 332 1722 eo
349 1668 446 1722 venire
464 1686 508 1722 me
527 1668 709 1738 compulerit,
726 1674 758 1720 ut
776 1685 847 1737 quae
868 1665 1038 1737 pudicitiam
1056 1667 1136 1720 velut
1152 1667 1302 1721 maximum

123 1688 228 1791 donum
243 1753 433 1804 capesserem,
447 1738 528 1790 cuius
540 1735 635 1807 gratia
647 1741 677 1790 et
689 1735 719 1788 in
728 1741 838 1789 tantam
849 1735 1041 1790 calamitatem
1053 1734 1163 1788 deveni.
1183 1734 1240 1788 Sed
1249 1753 1302 1790 neo

122 1815 150 1858 te
163 1804 298 1870 arbitror,
314 1803 427 1858 domine
440 1803 478 1856 mi
491 1804 589 1869 Petro,
603 1803 748 1874 ignorare,
762 1804 897 1857 maiorem
910 1803 1098 1873 cupiditatem
1111 1819 1145 1856 ex
1158 1803 1236 1856 laeta
1248 1803 1302 1856 for·

122 1879 192 1925 tuna
205 1871 287 1937 oriri,
307 1871 382 1925 unde
396 1888 459 1942 ego,
473 1888 545 1941 quae
559 1871 588 1923 in
601 1871 734 1924 secundis
746 1871 831 1924 rebus
843 1877 1000 1940 temperate
1013 1870 1085 1936 vixi,
1102 1870 1131 1924 in
1144 1870 1302 1925 afflictione

122 1957 166 1993 me
188 1939 390 2017 voluptatibus
408 1956 465 1993 non
484 1939 564 1992 dedo.
599 1939 643 1992 Ne
665 1956 700 1992 ue
722 1956 788 1993 vero
805 1957 880 1992 nunc
897 1939 1021 1992 animum
1042 1956 1134 1992 meum
1155 1938 1302 1992 existimes

121 2006 307 2078 aegritudme
330 2023 393 2060 esse
416 2007 550 2073 liberum,
573 2006 622 2127 gui
641 1955 818 2075 dliquantum
840 2005 1044 2060 consolationis
1065 2011 1166 2060 nactus
1188 2013 1233 2059 est
1252 2024 1303 2076 per

123 2074 284 2128 Clementis
302 2074 536 2145 recognitionem.
593 2074 738 2128 uccedens
756 2091 877 2144 namque
895 2073 1015 2128 tristitia
1032 2091 1066 2127 ex
1080 2074 1189 2128 duobus
1203 2075 1301 2129 liberis

121 2142 194 2195 meis
212 2147 283 2194 nata
300 2141 354 2195 hoc
373 2143 569 2212 qualecunque
587 2141 724 2222 gaudium
736 2141 877 2196 obscurat.
913 2142 978 2197 Non
995 2141 1070 2195 enim
1087 2142 1158 2196 adeo
1171 2161 1223 2196 nos
1237 2161 1301 2197 eon·

119 2211 236 2274 tristat,
255 2226 304 2262 eos
317 2209 347 2262 in
359 2210 429 2263 mari
441 2210 516 2263 male
532 2211 668 2280 perirsse,
685 2227 769 2331 guam
787 2210 848 2264 sine
861 2209 969 2280 pietate
983 2227 1051 2281 erga
1062 2209 1156 2263 Deum
1169 2229 1225 2265 una
1238 2229 1302 2265 eum

119 2277 227 2330 animis
246 2276 390 2330 interiisse
409 2294 504 2330 eorum
526 2295 649 2347 corpora.
710 2283 771 2331 ater
783 2283 877 2331 autem
895 2294 1003 2342 eorum,
1021 2293 1157 2347 meusque
1173 2279 1301 2345 maritus,

120 2344 361 2414 quemadmodum
374 2361 425 2414 per
437 2343 613 2399 Clementem
623 2345 757 2415 comperi,
770 2345 1011 2420 adoquaerendum
1020 2361 1065 2398 me
1076 2362 1109 2398 ac
1121 2344 1226 2399 liberos
1239 2363 1300 2424 pro·

119 2429 241 2484 gressus
253 2417 298 2464 tot
308 2411 390 2465 annia
403 2430 460 2466 non
473 2419 631 2482 comparet,
649 2431 763 2483 prorsus
775 2429 841 2466 vero
855 2419 883 2466 et
897 2412 904 2464 i
928 2429 958 2466 se
971 2411 1052 2466 obiit.
1088 2411 1202 2464 Etenim
1215 2429 1301 2465 mrser

119 2481 158 2533 ob
183 2478 390 2533 continentiam
411 2480 553 2551 diligebat
574 2498 618 2535 me
640 2487 669 2534 et
691 2486 750 2534 erat
775 2497 873 2533 amans
894 2480 915 2531 h
938 2496 1060 2543 erorum3
1086 2494 1172 2548 quare
1189 2477 1301 2532 cunctis

120 2547 207 2668 nolssis
230 2564 247 2600 a
269 2563 299 2600 se
321 2564 405 2617 super
425 2547 520 2602 omnia
545 2548 660 2603 dilectis
682 2548 798 2602 orbatus
815 2563 902 2600 senex
921 2562 989 2616 prae
1006 2545 1127 2598 maximo
1144 2545 1240 2600 dolore
1255 2563 1301 2600 oe·

124 2632 162 2668 cu
185 2615 238 2667 uit.

197 2697 274 2752 CIII.
310 2697 430 2752 Matrem
443 2715 509 2754 vero
522 2699 593 2754 haec
606 2700 731 2754 locutam
743 2697 893 2754 audientes
905 2697 989 2751 liberi
1001 2714 1058 2750 non
1067 2696 1189 2766 amplius
1203 2714 1302 2750 seeun-

120 2767 190 2820 dum
208 2765 289 2820 Pctri
305 2765 528 2820 admonitionem
546 2785 577 2822 se
594 2769 740 2822 continere
762 2771 928 2837 potuerunu
954 2765 1005 2820 sed
1023 2782 1105 2819 exsur
1127 2770 1208 2819 entes
1227 2783 1301 2819 oom-

119 2834 328 2904 plectebantur
348 2850 410 2888 eam
428 2839 457 2888 et
476 2852 539 2888 cum
557 2835 681 2890 lacrimis
700 2834 945 2889 deosculabantur.
982 2831 1026 2887 Ob
1039 2851 1094 2903 quo
1126 2839 1300 2888 materatto-

119 2901 201 2968 nita,
224 2900 364 2970 quidhoc
383 2901 438 2956 sibi
460 2903 563 2969 vellet,
581 2921 649 2972 prae
668 2908 781 2974 stupore
802 2903 882 2956 iuxta
902 2907 987 2972 atque
1010 2901 1189 2973 ignoratione
1210 2919 1301 2956 rerum

120 2967 331 3039 interrogabat.
368 2968 526 3039 Statimque
539 2963 641 3024 Petrus
655 2971 740 3024 dixit:
759 2969 887 3037 Advooa,
904 2970 1042 3036 omulier,
1054 2970 1167 3025 fortiter
1178 2977 1301 3024 mentem

117 3043 218 3102 tuam,
241 3042 273 3089 ut
294 3035 370 3089 natis
386 3037 444 3090 tuis
460 3037 563 3091 fruaris
581 3039 712 3093 iucunde.
747 3039 787 3092 Hi
805 3039 880 3092 enim
899 3045 965 3092 sunt
976 3037 1132 3093 Faustinus
1146 3045 1175 3092 et
1187 3038 1300 3092 Fausti-

119 3104 243 3169 nianus,
261 3121 332 3172 quos
344 3103 442 3159 aiebas
460 3105 489 3158 in
505 3106 610 3184 pelago
623 3106 743 3174 obiisse,
763 3123 890 3177 quosque
904 3107 969 3159 dum
986 3107 1069 3178 luges
1082 3107 1171 3161 vitam
1183 3112 1261 3160 tuam
1275 3107 1300 3160 is

69 3181 75 3192 ·
120 3172 222 3225 luctus
235 3189 293 3226 non
304 3171 423 3226 vitalem
435 3171 590 3227 efficiebat.
627 3173 681 3238 Qui
694 3191 759 3229 vero
772 3175 950 3228 alternorum
963 3173 1096 3238 Nicoma,
1109 3175 1183 3228 alter
1194 3173 1301 3244 Aquila

119 3245 258 3304 vocetur,
283 3238 339 3308 ipsi
363 3240 511 3310 auspicato
538 3240 635 3294 dicant
654 3247 683 3294 et
705 3241 833 3296 doceant.
869 3241 949 3294 Haec
969 3241 1054 3294 Petro
1077 3241 1190 3294 dicente
1211 3247 1302 3294 mater

120 3306 234 3428 gaudio
247 3305 398 3362 immodico
411 3309 523 3388 repleta
541 3309 787 3388 propemodumuet
806 3308 907 3388 spiritu
925 3307 1052 3386 deiecit,
1069 3313 1195 3384 attamen
1205 3307 1299 3383 ,recol-

134 3391 222 3446 rgens
236 3391 266 3428 se
277 3391 312 3428 ac
325 3375 405 3428 velut
417 3393 461 3430 sur
475 3393 589 3446 compos
602 3377 681 3430 facta
693 3376 763 3428 Frln
775 3392 831 3428 mer
843 3379 1030 3443 optatissrmr,
1044 3378 1150 3440 mqurt‚
1169 3370 1223 3423 filu
1238 3372 1298 3424 dul·

120 3598 192 3660 vulg.
209 3624 244 3636 -
260 3594 288 3664 4)
306 3593 511 3666 συναλιζόμεθα
529 3600 561 3648 al.
579 3615 618 3666 ap.
636 3600 689 3650 Cot.
733 3599 805 3660 XIII,
829 3596 846 3648 5
869 3602 893 3647 et
914 3597 945 3646 al.
965 3613 1004 3663 ap.
1026 3597 1088 3658 Cot,
1109 3596 1154 3647 καὶ
1175 3594 1242 3659 vulg.
1265 3623 1298 3632 -

121 3693 158 3701 -
168 3661 197 3732 5)
213 3661 340 3732 τυγχάνει
353 3667 383 3718 D.
393 3661 464 3732 -6)
478 3667 691 3738 ποιῶμενειῳη
735 3663 778 3734 10)
793 3684 821 3718 τε
834 3683 881 3715 om.
896 3667 924 3716 Β,
936 3693 971 3700 -
984 3659 1026 3732 11)
1046 3663 1104 3717 ποῦ
1117 3665 1144 3726 0,
1158 3659 1297 3716 111111).-

122 3731 158 3784 οὔ
178 3733 210 3783 D.
232 3760 266 3770 -
287 3729 313 3800 7)
338 3733 380 3782 Sia
401 3733 475 3794 BCD,
495 3735 570 3784 Hom.
592 3735 609 3784 1.
628 3750 648 3784 c.
667 3740 691 3784 ct
736 3731 778 3794 12)
791 3731 924 3801 011τῴ0111.
938 3735 969 3783 D.

121 3805 210 3850 nostra
233 3801 313 3866 Epit,
340 3795 371 3850 τὸ
400 3796 439 3868 μὴ
469 3801 521 3853 νῦν
544 3801 690 3853 deventeri·
785 3802 926 3867 dapem.
962 3797 1299 3867 1)τε11101),τότεΒ

122 3872 192 3919 σθαι
217 3868 284 3930 vulg.
315 3895 349 3904 -
380 3865 406 3924 8)
438 3863 516 3936 ἄχρις
538 3863 573 3921 ἂν
594 3865 633 3938 μὴ
664 3869 690 3931 O,
734 3869 847 3932 vulg.—
864 3864 892 3936 2)
906 3864 959 3920 σὺν
970 3869 1075 3918 accessit
1087 3869 1205 3918 exBCD
1222 3873 1247 3917 et
1266 3869 1298 3917 sl.

120 3935 198 3984 Hom.
212 3935 229 3984 1.
242 3951 277 4000 0.,
296 3936 317 3985 0
335 3941 435 3985 nostrus
453 3937 523 4003 Epit.
548 3941 573 3987 et
595 3937 627 3986 al.
651 3952 690 4003 ap.
735 3933 1191 4002 ap.Cot.-3)oorBGDetul.ap.
1206 3935 1295 3983 Cot.—

122 4004 177 4052 Cot.
733 4001 759 4066 4)
776 4001 868 4056 αὐτῶν
889 4020 918 4053 ex
940 4004 1027 4065 BCD,
1048 4004 1123 4052 Hom.
1145 4001 1218 4062 XIII,
1239 3998 1256 4046 6
1274 4005 1299 4050 et

175 4070 235 4134 Cap.
262 4070 316 4121 ΟΠ.
345 4065 371 4136 l)
389 4088 447 4138 μου
459 4073 487 4121 Β.
501 4066 562 4119 —2
585 4073 630 4121 καὶ
642 4087 689 4121 0111.
733 4077 818 4120 nostra
837 4072 916 4137 Epit,
939 4068 1026 4123 αὑτοῦ
1050 4069 1116 4132 vulg.
1140 4094 1175 4103 -
1205 4061 1234 4132 5)
1256 4069 1298 4116 Sic

121 4137 150 4186 G.
169 4163 205 4172 -
228 4133 257 4204 3)
275 4133 421 4201 ἠπάτησαν
438 4138 464 4188 C.
488 4165 523 4174 ——
544 4135 562 4186 4
595 4140 689 4207 οἴομαι
732 4139 817 4202 Tum„
857 4139 942 4202 sieque
966 4137 1090 4201 scriptura
1117 4130 1296 4185 ἀπολελοίπει

122 4201 234 4271 0.-5)
255 4205 331 4283 Voce.
343 4200 550 4273 compatrinorum
568 4204 598 4257 ἐν
620 4206 688 4256 δυσ·
732 4205 895 4272 explicanda,
941 4220 1014 4268 quam
1059 4201 1177 4250 exhibent
1217 4203 1299 4252 nostri

121 4272 332 4407 111191ιῖ10άὲΖῇ
339 4268 642 4406 0111)..01611110111311101.Ι
655 4299 690 4376 ῖ-
731 4271 1071 4408 110011119οέ01111ῃο11τοΒῖ
1089 4263 1299 4404 gssgjtpagtrgorpi

120 4403 138 4455 8
162 4409 281 4476 μετρίαν
293 4407 369 4456 Ι).-ὲ
385 4402 414 4473 9)
428 4403 460 4458 τὸ
469 4423 498 4456 er
511 4407 689 4470 Boanum.
731 4405 762 4460 ἐν
779 4405 862 4478 ἑαυτῇ
884 4405 916 4455 al.
937 4421 976 4473 ap.
999 4403 1052 4455 Cot.
1074 4430 1108 4439 -
1129 4401 1156 4471 7)
1177 4400 1248 4474 μετὰ
1269 4423 1299 4456 ex

1061 4487 1093 4529 51
