3126 4894
582 339 737 392 ariroun
754 343 897 394 iuraui.
1140 295 1150 312 ’
1263 323 1321 386 131

146 489 336 572 praevidens,
359 489 435 543 sieut
456 505 490 542 ex
509 489 709 558 praesentibus
732 489 781 544 dat
801 489 886 569 plene
903 487 1066 560 intelligere
1083 489 1134 554 iis,
1155 487 1204 568 qui
1219 488 1324 542 mentis

146 558 258 612 iudicio
270 563 397 611 utuntur.
425 555 499 618 Quia
511 557 586 610 enim
599 557 661 610 eius
673 557 830 611 voluntatis
842 571 996 637 praecones
1008 573 1083 608 nunc
1095 555 1175 609 missi
1188 561 1254 609 sunt
1266 574 1323 609 non

183 626 367 680 ammaticam
383 624 551 695 profitentes
568 630 672 691 artem,
692 625 743 678 sed
755 623 933 695 simplicibus
946 629 976 676 et
995 623 1114 676 sinceris
1125 621 1220 677 verbis
1233 623 1324 676 consi·

158 712 219 750 ium
240 694 249 746 i
274 694 333 746 sius
351 693 580 746 demonstrantes
597 691 651 762 (ita
666 697 712 758 ut,
731 693 891 762 quicunque
907 689 1044 755 audierit,
1064 689 1151 744 facile
1168 689 1323 761 intelligat,

147 779 225 834 quae
260 766 399 826 icantur),
417 777 509 829 neque
528 777 590 814 cuni
607 757 709 814 habitu
726 761 846 829 quodam
862 758 959 812 invido
972 757 1083 812 cunctis
1096 775 1126 812 se
1138 758 1231 828 ipsum
1248 756 1324 811 exhi-

145 832 218 886 bere
240 829 373 882 nolente:
401 827 511 881 adestis
528 844 579 880 vos
596 834 642 893 ut,
663 825 953 898 praeterquamquod
969 841 1026 879 non
1047 825 1227 896 intelligitis,
1248 825 1324 894 quod

147 897 234 952 vobis
253 895 383 966 expedit,
404 895 505 950 damno
523 900 618 949 vestro
638 895 788 949 veritatem
805 893 938 960 rideatis,
956 909 1028 962 quae
1044 893 1121 963 apud
1137 891 1272 947 barbaros
1288 891 1325 946 ad

147 971 276 1020 vestram
297 962 562 1017 condemnationem
581 969 725 1028 versatur,
747 979 831 1042 quam
850 961 897 1016 vel
917 960 955 1014 ad
972 978 1022 1014 vos
1039 961 1252 1032 pervenientem
1268 977 1325 1013 non

147 1033 239 1087 vultis
258 1031 384 1100 hospitio
402 1030 528 1100 recipere
545 1035 661 1100 propter
676 1029 811 1084 libidines
828 1035 938 1083 vestras
960 1028 1164 1098 verborumque
1185 1027 1246 1082 eius
1260 1027 1324 1080 siin-

146 1099 327 1171 plicitatem,
350 1115 386 1152 ne
409 1097 581 1168 arguamini,
599 1097 674 1167 quod
697 1102 803 1151 temere
815 1097 928 1177 philolo
952 1096 961 1148 i
977 1096 1060 1161 esti,
1081 1113 1138 1150 non
1153 1101 1249 1149 autem
1264 1094 1324 1148 veri

147 1165 325 1238 philosophi.
361 1166 513 1234 Quousque
526 1182 595 1247 crgo
613 1165 726 1219 discitis
744 1164 902 1235 loqu1,qui
920 1114 1014 1218 cicere
1026 1163 1069 1216 nil
1080 1161 1214 1217 habetis?
1232 1161 1325 1216 Multa

149 1235 259 1306 qnippe
272 1232 360 1286 verba
372 1239 468 1286 vestra
479 1247 514 1286 ne
526 1251 610 1287 unius
642 1232 737 1286 uidem
750 1232 830 1287 verbi
842 1231 933 1304 pretio
947 1237 1013 1284 sunt
1028 1230 1214 1284 aestimanda.
1249 1227 1325 1294 Ouid

149 1310 250 1356 autem
263 1301 341 1354 dicet
353 1315 457 1372 graeca
469 1306 565 1356 vestra
576 1249 739 1365 muititudo,
752 1300 893 1353 unanimis
905 1297 998 1365 facta,
1016 1297 1039 1350 si
1052 1297 1189 1352 iudicium
1200 1295 1325 1350 futurum

149 1375 211 1434 est,
233 1373 267 1421 ut
288 1367 343 1421 iste
364 1367 420 1420 ait:
459 1367 563 1435 Quare,
580 1370 670 1433 Deus,
688 1369 853 1420 coliintctem
870 1375 946 1420 triam
963 1385 1017 1418 noa
1058 1365 1210 1419 raediccati'
1228 1365 1325 1418 uobis!

148 1437 256 1490 Nonne
276 1435 415 1500 audietis,
438 1435 463 1487 si
483 1435 596 1489 omnino
614 1434 827 1504 responsionem
849 1433 1013 1514 accipietis,
1034 1383 1119 1487 iiaec:
1154 1429 1237 1502 „Ego
1261 1447 1324 1486 cuin

149 1521 252 1558 omnes
263 1502 375 1556 futuras
392 1501 555 1556 voluntates
572 1507 639 1556 ante
656 1501 754 1555 mundi
775 1501 1010 1556 constitutionem
1027 1515 1242 1572 cognoscerem,
1262 1497 1324 1551 uni·

149 1572 257 1640 cuique
269 1587 320 1640 pro
337 1569 438 1623 merito
451 1587 501 1624 suo
520 1570 644 1624 latenter
653 1569 785 1640 praevius
803 1568 925 1636 occinri3
943 1569 1011 1637 quia
1026 1573 1121 1622 autem
1133 1565 1164 1619 id
1176 1565 1269 1636 ipsum
1282 1565 1324 1620 ita

150 1656 184 1694 se
200 1637 291 1693 habet
307 1640 406 1692 volens
425 1635 474 1704 iis,
497 1637 545 1716 qui
562 1637 599 1691 ad
616 1653 661 1690 me
680 1635 882 1708 confugerunt,
904 1636 989 1706 plene
1005 1633 1202 1713 manifestare,
1224 1649 1273 1688 cur
1289 1631 1324 1687 ab

149 1707 239 1760 initio
252 1723 269 1760 a
280 1705 379 1776 primis
392 1705 624 1776 generationibus
636 1704 813 1758 voluntatem
829 1721 920 1757 meam
933 1703 1028 1774 palam
1044 1719 1101 1756 non
1117 1701 1232 1756 siverim
1244 1715 1324 1782 prae-

152 1773 255 1838 dicari,
269 1789 344 1826 nunc
357 1773 433 1826 circa
446 1772 535 1826 seculi
548 1771 633 1826 finem
648 1787 804 1841 praecones
816 1771 872 1826 mei
886 1770 999 1824 consilii
1011 1768 1090 1836 misi,
1103 1769 1153 1840 qui
1165 1774 1195 1822 et
1206 1767 1323 1822 irriden-

150 1849 215 1908 tur,
235 1847 265 1894 et
277 1841 458 1894 contumeliis
471 1840 571 1895 affecti
584 1840 757 1894 deluduntur
773 1839 810 1893 ab
823 1839 859 1891 iis
864 1881 872 1907 ,
885 1838 933 1919 qui
946 1854 1123 1907 nequaquam
1135 1837 1235 1890 volunt
1246 1835 1325 1890 adiu-

151 1910 225 1974 vari,
237 1908 341 1987 quique
351 1907 507 1962 amicitiam
517 1924 609 1962 meam
618 1906 999 1976 vehementerrepudiarunt.
1011 1904 1177 1976 Omagnam
1185 1901 1325 1970 iniuriam!

154 1977 257 2030 mortis
270 1981 357 2029 etiam
369 1975 526 2045 periculum
540 1975 661 2030 subeunt
674 1975 895 2056 praedicatores,
908 1973 993 2042 idque
1005 1989 1056 2043 per
1067 1988 1116 2027 eos
1125 1971 1264 2036 homines,
1277 1969 1325 2040 qui

154 2043 194 2098 ad
206 2043 330 2096 salutem
341 2049 487 2096 vocantur.
522 2041 586 2096 Hoc
596 2059 663 2096 vero
676 2043 772 2112 inique
785 2041 893 2096 factum
905 2041 1040 2095 adversus
1051 2055 1207 2108 praecones
1219 2054 1297 2092 meos
1309 2055 1327 2090 a

152 2110 297 2182 principio
315 2110 392 2180 apud
408 2127 505 2164 omnes
522 2117 687 2164 eventurum
705 2115 778 2176 erat,
801 2109 826 2162 si
843 2127 861 2164 a
876 2108 1018 2188 principio
1034 2109 1071 2174 ad
1088 2107 1210 2162 salutem
1231 2105 1327 2160 vocati

154 2179 291 2243 fuissent,
305 2179 353 2258 qui
366 2178 479 2250 indigni
492 2183 566 2231 sunt.
600 2177 683 2241 Quod
695 2177 771 2231 enim
782 2195 858 2232 nunc
874 2177 911 2231 ab
928 2177 965 2229 iis
977 2175 1113 2229 iniuriose
1125 2173 1173 2241 fit,
1187 2174 1217 2228 in
1230 2173 1326 2228 defen·

153 2247 265 2300 sionem
278 2251 374 2316 agitur
386 2245 478 2299 iustae
491 2261 571 2300 meac
582 2245 794 2314 providentiae,
808 2243 884 2314 quod
895 2244 1040 2324 praeclare
1053 2243 1210 2296 doctrinam
1222 2241 1326 2296 honore

153 2315 274 2384 dignam
291 2313 370 2366 nolui
386 2313 530 2366 inutiliter
545 2313 581 2367 ab
599 2312 681 2366 initio
699 2312 736 2365 ad
752 2313 951 2366 contumeliam
967 2310 1083 2381 publice
1101 2325 1255 2378 exponere,
1276 2307 1327 2362 sed

153 2399 219 2437 eam
233 2381 330 2446 statui,
343 2386 376 2433 ut
388 2381 591 2446 venerandam,
605 2380 718 2434 silentio
731 2380 808 2449 tegi3
829 2396 887 2432 non
899 2378 1013 2457 quidem
1025 2375 1101 2446 apud
1114 2393 1178 2442 eos,
1191 2376 1240 2444 qui
1252 2374 1326 2444 prin·

154 2449 233 2528 cipio
247 2448 275 2500 di
299 2449 328 2501 ni
341 2453 430 2514 crant,
444 2447 546 2528 quibus
559 2453 589 2502 et
600 2447 720 2512 tradidi,
740 2447 791 2500 sed
809 2444 887 2515 apuli
902 2450 974 2498 istos
992 2449 1021 2497 et
1034 2443 1211 2508 consimiles,
1223 2449 1256 2495 ut
1268 2458 1327 2494 cer-

153 2517 236 2582 nitis,
249 2467 397 2586 iniignos,
411 2515 477 2569 odio
490 2533 534 2569 me
545 2519 760 2594 prosequentes,
775 2529 861 2582 seque
878 2512 1010 2566 nolentes
1023 2508 1186 2590 diligere‘l“
1211 2510 1249 2562 Et
1260 2524 1327 2562 vero

155 2601 233 2638 nunc
246 2583 410 2637 desinentes
423 2583 532 2638 huncce
545 2583 635 2636 virum
644 2581 769 2646 irridere,
782 2597 800 2634 a
809 2596 853 2634 me
863 2578 953 2649 ipsius
962 2577 1210 2647 repromissionem
1219 2575 1326 2640 audite,

155 2652 202 2705 vel
216 2651 265 2720 qui
278 2651 355 2704 volet
368 2650 437 2704 mihi
449 2651 630 2730 percontanti
642 2648 819 2718 respondeat.
855 2645 899 2700 Ac
916 2663 952 2700 ne
969 2646 1049 2699 velut
1085 2645 1228 2698 etulantes
1241 2659 1327 2696 canes

155 2719 286 2785 latretis,
305 2719 493 2787 incomposito
510 2717 631 2787 strepitu
648 2733 729 2770 aures
748 2732 856 2780 eorum,
878 2713 926 2784 qui
939 2713 1044 2767 salvari
1077 2711 1234 2777 esiderant,
1247 2709 1327 2762 obtu-

155 2793 264 2841 rantes.
300 2783 324 2838 O
341 2785 441 2839 iniusti
454 2803 488 2840 ac
501 2786 564 2840 Dec
577 2785 656 2838 exosi
668 2791 698 2837 et
710 2783 892 2837 servatricem
909 2781 1114 2852 cogitationem
1126 2783 1279 2834 avocantes
1291 2777 1327 2829 ad

155 2854 403 2920 incredulitatem,
420 2870 475 2922 qua
486 2852 596 2906 ratione
608 2852 720 2905 veniam
735 2849 871 2919 consequi
882 2849 1015 2918 poteritis
1030 2864 1103 2912 eum,
1116 2847 1165 2916 qui
1176 2845 1258 2900 vobis
1271 2843 1328 2898 Dei

155 2926 288 2976 naturam
309 2937 339 2974 se
361 2921 480 2974 edocere
500 2919 655 2990 promittit,
677 2918 851 2973 contumelia
870 2915 1046 2982 afficientes,
1071 2913 1156 2986 idq'ue
1176 2912 1327 2992 homiuem,

156 2989 239 3044 cuius
256 2987 360 3042 bonam
377 3005 445 3058 erga
463 3005 513 3041 vos
529 2989 705 3042 voluntatem
727 2992 808 3058 grate
827 2985 956 3056 excipere
973 2983 1137 3054 oportebat,
1158 2981 1271 3037 etiamsi
1287 2979 1328 3033 nil

158 3055 219 3111 veri
231 3055 345 3109 locutus
358 3053 455 3109 essct?
722 3099 724 3102 .

225 3121 293 3176 XII.
329 3122 407 3186 Quae
424 3139 487 3176 cuin
504 3121 628 3175 dicerem
645 3121 757 3190 aliaque
775 3119 819 3174 his
837 3127 1044 3187 consentanea,
1060 3119 1179 3172 multum
1197 3117 1227 3171 in
1243 3115 1328 3187 plebe

158 3197 252 3246 ortum
270 3195 316 3243 est
331 3207 458 3242 murmur.
493 3189 531 3242 Et
548 3188 599 3244 alii
617 3188 731 3258 quidem
748 3194 799 3241 tau
819 3205 883 3240 uam
898 3187 1060 3241 Barnabam
1076 3187 1244 3240 miserantes
1260 3183 1329 3236 mihi

157 3257 310 3324 favebant,
331 3257 382 3311 alii
400 3274 479 3322 vero,
497 3256 644 3326 quierant
662 3255 774 3320 stolidi,
797 3205 931 3307 ‹ientibus
948 3269 1032 3307 saeve
1049 3253 1079 3305 in
1099 3270 1143 3306 me
1161 3251 1328 3304 stridebant.

159 3323 288 3394 Cumque
301 3325 358 3379 iam
369 3341 488 3394 vespera
497 3323 671 3390 advenisset,
683 3321 832 3375 Barnabae
842 3337 927 3373 manu
936 3318 1122 3388 apprehensa,
1135 3317 1255 3394 invitum
1266 3332 1329 3369 euni

158 3393 196 3446 ad
210 3392 322 3446 domum
331 3409 422 3446 meam
431 3392 459 3444 vi
470 3390 601 3457 conduxi,
613 3391 663 3444 ubi
676 3396 705 3443 et
716 3405 829 3442 manere
842 3386 908 3453 feci,
921 3403 956 3440 ne
969 3386 1032 3454 quis
1043 3385 1069 3438 ei
1079 3401 1178 3438 manus
1191 3383 1328 3460 inliceret.

157 3461 198 3514 Et
209 3477 316 3530 paucos
335 3460 396 3513 dies
413 3464 599 3514 commoratus
616 3464 766 3528 postquam
785 3455 820 3509 de
832 3471 899 3508 vera
911 3451 1041 3506 doctrina
1054 3451 1180 3504 breviter
1191 3465 1235 3501 me
1247 3449 1329 3500 insti-

157 3533 264 3593 tuerat,
277 3533 413 3597 quantum
425 3527 500 3582 intra
511 3543 617 3597 paucos
631 3525 693 3579 dies
706 3523 767 3577 fieri
780 3521 884 3592 potuit,
897 3537 946 3591 pro
968 3535 1047 3574 erare
1060 3535 1090 3573 se
1103 3517 1176 3570 dixit
1187 3516 1217 3568 in
1228 3515 1329 3568 Iudae-

157 3613 205 3650 am
218 3601 334 3675 propter
346 3594 460 3660 festum,
476 3611 562 3664 seque
576 3593 713 3663 deinceps
725 3608 789 3646 cum
800 3589 858 3644 suis
868 3539 1052 3658 popuiaribus
1061 3586 1165 3658 degere
1176 3582 1261 3650 velle,
1274 3581 1330 3636 iam

158 3663 228 3716 mihi
242 3669 339 3733 aperte
352 3661 554 3716 manifestavit.

212 3853 272 3918 cap.
285 3854 332 3902 M.
368 3848 396 3920 1)
408 3846 543 3915 θεότητος
553 3851 582 3900 O.
591 3877 624 3886 -
636 3846 663 3914 2)
677 3844 724 3900 λὸ-
768 3850 810 3900 Or.
823 3877 856 3884 —
869 3845 911 3912 14)
925 3850 967 3900 Or.
981 3847 1078 3916 ἔπαγγ.
1096 3875 1130 3884 -
1153 3844 1196 3912 15)
1211 3841 1278 3923 ὑμῖτν
1291 3847 1331 3894 sl-

159 3938 224 3987 γοις
234 3919 304 3968 deest
315 3919 341 3969 in
353 3919 384 3970 V.
398 3945 431 3953 —
444 3914 472 3986 3)
486 3920 527 3968 Or.
541 3933 589 3968 oni.
604 3912 661 3968 ὅντ.
675 3911 726 3968 οὖν
769 3921 835 3968 πεῖν
847 3916 899 3966 ord,
915 3917 966 3966 inv.
980 3917 1000 3965 0
1018 3920 1043 3964 et
1060 3917 1101 3964 Or.
1119 3941 1153 3951 -
1173 3910 1216 3975 16)
1234 3930 1267 3960 ου
1279 3911 1332 3960 des.

159 3985 201 4039 ἆκ.
213 4013 247 4024 -
260 3983 287 4053 4)
301 3981 350 4052 τὴν
363 4003 410 4036 om.
422 3987 450 4037 0.
468 4014 500 4020 -
517 3979 545 4052 5)
558 3985 597 4034 Ita
608 4000 654 4050 pro
667 3982 726 4054 εἰκῇ
768 3984 795 4032 in
808 3984 839 4033 V.
852 3983 935 4032 Tisch.
949 3983 1050 4049 supplet
1060 3975 1100 4038 ὅν,
1114 3980 1170 4029 vide
1182 3979 1332 4042 scripturam

160 4071 208 4105 scr.
222 4054 299 4104 etiam
314 4055 389 4104 Hom.
404 4055 424 4112 1,
444 4050 489 4114 11,
506 4052 550 4102 ubi
562 4052 680 4114 corrigas.
692 4077 727 4086 -
770 4050 862 4100 codicis
875 4053 917 4099 Or.
931 4055 991 4099 nota
1005 4065 1042 4112 sq.
1059 4073 1093 4082 -
1112 4045 1153 4108 17)
1170 4046 1210 4094 Ita
1226 4043 1331 4104 corrigo.

160 4117 190 4188 6)
203 4123 303 4192 μέχρις
314 4115 365 4172 οὖν
378 4123 407 4171 0.
421 4147 452 4156 —
465 4115 490 4180 7)
504 4120 532 4169 oi
541 4114 573 4170 τὸ
583 4117 670 4177 καλῶς
678 4121 725 4169 λα·
770 4119 800 4178 In
813 4117 833 4166 Ο
846 4123 885 4167 est
900 4118 946 4168 καὶ
956 4114 1046 4183 μηδὲν
1056 4110 1156 4178 ἀληθὲς
1167 4111 1293 4177 λέγοντα,
1304 4110 1332 4158 in

161 4189 355 4252 1εῑνΗοιιι.Ι,
380 4185 411 4238 11
441 4194 466 4238 ct
495 4186 565 4252 Epit.
586 4201 607 4236 c.
629 4181 670 4235 11.
693 4211 726 4220 -
772 4185 794 4233 V
817 4185 841 4234 il
860 4185 906 4234 καὶ
924 4179 1014 4252 μηδὲν
1034 4177 1134 4244 ἀληθὲς
1153 4178 1284 4245 λέγοντα,
1304 4182 1334 4226 ut

161 4251 191 4323 8)
217 4251 284 4325 ὑμῖν
308 4257 337 4304 0.
360 4283 394 4292 -
422 4249 450 4321 9)
475 4249 618 4306 θελόντων
643 4255 672 4304 0.
697 4278 729 4286 -
772 4251 847 4300 Hom.
861 4255 886 4308 et
899 4243 1043 4310 oin-18)
1056 4241 1201 4316 qurVet
1214 4244 1256 4292 Or.

163 4321 208 4386 10)
233 4321 281 4386 τῆς
300 4323 350 4372 des.
373 4323 400 4372 in
417 4323 449 4371 V.
472 4349 506 4356 —-
529 4317 571 4379 11)
591 4319 621 4372 <lt
644 4322 672 4370 0.
696 4345 731 4354 -
825 4317 884 4382 Cup.
903 4316 962 4366 XII.
992 4311 1017 4378 1)
1034 4316 1097 4380 βίαν
1115 4313 1144 4361 0.
1160 4339 1194 4349 —
1219 4308 1245 4374 2)
1268 4305 1333 4375 ἀλη-

164 4385 209 4451 12)
223 4385 362 4441 ὖλακτεῖτε
375 4390 404 4438 0.
415 4415 450 4424 —
460 4384 503 4452 13)
515 4381 536 4440 oi
549 4387 618 4438 deest
630 4389 656 4436 iii
670 4388 692 4436 V
705 4390 730 4435 et
774 4383 833 4442 onir
845 4384 877 4434 V.

1101 4480 1132 4519 9*
