3126 4894
331 1530 440 1592 CLXI.
489 1529 659 1610 Τρίτος1
628 1555 683 1613 γαρ
709 1528 768 1592 ἀπὸ
793 1530 904 1611 Πέτρου
927 1532 976 1592 τοῦ
999 1528 1151 1634 κορυφαίου
1170 1529 1226 1593 τῶν
1248 1527 1418 1593 ἀποστόλων

247 1619 297 1697 τῆς
309 1613 454 1696 Ρωμαίων
469 1616 616 1716 ἐκκλησίας
627 1611 835 1718 ἀριθμοῦμεμος
850 1612 1032 1717 πρόεδρος,
1006 1640 1055 1695 την
1065 1639 1115 1676 του
1103 1612 1325 1676 διδασκάλου’
1309 1613 1417 1695 επιστίχ

246 1727 299 1782 μην
314 1697 550 1782 ἀκριβωσόμενος,
570 1695 616 1803 καὶ
631 1708 689 1769 τοῖς
705 1697 790 1760 αὐτοῦ
806 1694 904 1803 ίχνρσιν
918 1697 1144 1804 ἀπαρατιγέπτως
1158 1696 1299 1800 έπβμενος,
1314 1704 1418 1800 πεπλη-

246 1784 368 1864 ρωμένος
382 1806 412 1844 τε
426 1783 511 1852 θείας
525 1782 628 1886 σοφίας
642 1778 688 1844 καὶ
702 1780 816 1862 χάριτος
830 1781 902 1844 οὕτω
922 1791 980 1853 τοῖς
999 1781 1110 1885 τρόπρις
1125 1782 1289 1888 ἐκεκόσμητρ
1305 1808 1351 1844 και
1342 1777 1418 1846 διέ-

247 1864 404 1968 λαμπεν,
379 1891 453 1930 ωστε
466 1868 536 1929 πάσι
551 1864 646 1928 πάντα
661 1864 803 1948 γενόμενος
817 1891 866 1928 του
853 1864 1025 1938 σώζεσθαι
1039 1864 1150 1938 πάντας
1164 1865 1253 1971 ένεκρι,
1274 1866 1419 1940 Ἰουδαίοις

245 1975 277 2015 τε
291 1977 338 2014 και
328 1946 467 2030 ’Ἕλλησα
479 1944 530 2054 4444I
543 1960 602 2022 τοῖς
617 1953 795 2054 Χριστιανῶν
809 1954 888 2020 λαοῖς
902 1953 989 2012 πάσιι
1003 1949 1167 2056 ευαρεστεΐν,
1183 1947 1239 2013 υπὸ
1255 1949 1371 2013 πάντων
1385 1976 1419 2012 τε

247 2033 451 2140 ἀγαπώμενος
445 2033 556 2106 πάντας
569 2037 604 2114 44'
619 2035 658 2106 είς
666 2033 820 2114 Χριστὸν
801 2032 898 2137 4444'4444
910 2036 1042 2097 συνδεῖν’
1026 2043 1143 2096 εποιεῖτο
1154 2033 1315 2138 ρπουδὴν.1
1299 2033 1419 2116 ηγάπανν

245 2146 294 2200 μεν
314 2145 368 2200 γαρ
389 2144 474 2181 αυτον
490 2145 515 2180 οι
510 2117 668 2223 Ἓλληνες,
688 2115 779 2218 ἐπειδὴ
798 2115 862 2180 οὐδὲ
879 2116 1055 2196 λυττόμενος,
1072 2117 1134 2180 ἀλλ’
1128 2117 1404 2223 '4’4440404045444404’
1387 2146 1420 2182 εκ

246 2207 302 2266 τῶν
320 2203 385 2279 παρ’
410 2203 505 2275 αὐτοῖς
507 2207 551 2308 ιβι
542 2203 624 2285 ίβλων
643 2227 673 2264 τε
691 2228 737 2264 και
729 2197 872 2264 τελετῶν
888 2201 1071 2305 ἀηεδείκνυεν,
1085 2205 1141 2264 ποῦ
1155 2227 1185 2264 τε
1199 2203 1355 2284 γεγένηνται
1369 2229 1420 2266 και

246 2286 339 2351 πόθεν
350 2285 475 2384 ὥρμηντο
486 2287 513 2350 οἱ
521 2287 588 2367 παρ’
596 2287 689 2358 αὐτοῖς
697 2283 863 2366 νομιζόμενοι
874 2312 921 2390 4444
913 2283 1142 2365 λατρευόμενοιῖ
1153 2287 1226 2361 θεοί,
1239 2285 1259 2349 ά
1270 2311 1301 2349 τε
1311 2285 1419 2391 πεμρά·

246 2397 339 2454 χασιν,
360 2375 421 2443 πῶς
440 2396 469 2434 τε
489 2369 574 2442 αὖθις
593 2371 759 2451 κατέληξαν,
780 2369 974 2470 φανωτάταις
977 2370 1150 2468 ἀποδείξεσιν
1165 2373 1305 2475 παρίστη
1316 2370 1420 2443 αὐτούς

246 2483 277 2520 44
291 2455 355 2528 τοὺς
370 2455 504 2536 Ελληνας
522 2456 664 2520 ἐδίδασκεν
682 2453 879 2536 συγχωρήσεως
898 2451 978 2536 παρά
1000 2457 1049 2516 τοῦ
1067 2459 1139 2516 θεοῦ
1154 2465 1256 2535 τυχεῖν,
1276 2451 1352 2534 είπερ
1367 2459 1420 2535 τῆς

249 2543 358 2604 ἐκείνων
372 2541 534 2618 melmae
518 2539 694 2646 απόρχοιντο.

333 2623 458 2683 CLXII.
502 2625 594 2729 ΙΙαρά
610 2622 639 2687 δέ
654 2623 793 2693 Ἰουδαίοις
807 2620 920 2701 τοιούτῳ
939 2621 1034 2701 τρόπῳ
1053 2620 1133 2727 χάριν
1151 2623 1303 2726 ἐπορίζετο,
1323 2621 1419 2726 ἐπειδη

247 2707 312 2780 τοὺς
331 2707 458 2786 πατέρας
477 2707 568 2772 αὐτῶν
586 2708 683 2810 φιλους
701 2711 749 2770 τοῦ
769 2710 840 2810 θροῶ
859 2707 1059 2831 ἀπεδείκνυεν,
1067 2705 1116 2768 τόν
1134 2731 1165 2769 44
1179 2705 1262 2786 νόμον
1265 2705 1354 2806 ,ἅγιον
1369 2733 1420 2770 και

248 2792 398 2894 ἱερώτατον
414 2791 576 2874 ἀπέφαινεν,
592 2788 639 2854 καὶ
653 2794 764 2873 πρῶτον
775 2791 823 2854 τὸν
834 2791 920 2854 τύπον
929 2789 1059 2893 πρώτους1
1073 2791 1153 2869 παρὰ
1164 2815 1204 2869 τιρ
1191 2794 1277 2870 θεῶ
1288 2793 1420 2872 κληροῦσ-

247 2887 311 2949 θαι,
326 2872 402 2956 είπερ
416 2901 465 2937 του
485 2877 553 2980 ι’δηου
573 2874 658 2955 νόμου
679 2875 716 2936 τά
735 2873 871 2980 μυστήρια
891 2873 1034 2979 τηρησαιιν
1053 2877 1092 2952 τῶ
1115 2875 1212 2937 τε2
1184 2900 1233 2956 444
1252 2851 1420 2981 ἐπαγγελίαν

249 2960 319 3037 πρὸς
340 2959 523 3039 Ἀβραάμ
491 2987 529 3040 μη
548 2959 699 3037 ἀρνεισθαι
718 2959 756 3028 εἰς
776 2957 824 3019 τὸν
844 2959 969 3038 Χριστὸν
991 2962 1210 3040 πεπληρῶσθαι·
1234 2957 1339 3022 δαίνυ’
1323 2986 1351 3022 εν
1377 2963 1420 3038 τῶ

249 3041 385 3122 σπέρματι
402 3043 535 3124 Ἀβραάμ
557 3039 760 3146 κληροδοτεῖν
748 3067 764 3104 ο
783 3042 853 3113 θεὸς
875 3041 1071 3122 καθυπέσχετο
1089 3041 1185 3106 πάντα
1203 3042 1240 3106 τὰ
1261 3043 1346 3145 ἔθνη,
1370 3069 1420 3106 και

249 3123 319 3205 ὅπερ
333 3125 408 3188 εἶπεν
422 3126 510 3234 πρὸς3
532 3121 679 3228 Λαβιδ
663 3152 693 3188 εκ
707 3130 816 3208 καρποῦ
831 3129 881 3208 τῆς
895 3127 1000 3232 κριλιας
1014 3151 1064 3189 σου
1078 3126 1241 3234 494'4444444'
1225 3153 1270 3190 επι
1285 3151 1334 3190 του
1348 3126 1421 3230 θρό-

248 3209 315 3272 444¹
329 3223 391 3272 σου
407 3236 454 3312 κμι
446 3206 556 3281 αυθις
570 3208 615 3314 δηά
628 3206 749 3273 Ησαιου
767 3213 840 3272 τοῦ
836 3234 991 3318 ιροφητου,
1011 3209 1055 3273 ὅτι
1072 3237 1088 3292 η
1104 3213 1284 3289 παρθένος’
1269 3238 1296 3275 εν
1313 3207 1421 3293 γαστρὶ

225 3373 230 3384 .
249 3293 370 3376 λήψεται
383 3320 429 3357 και
421 3289 602 3370 τέξεται“
567 3319 625 3357 υιον
639 3319 686 3357 και
678 3290 911 3376 κληθησεται
884 3319 917 3358 το
931 3294 1022 3374 ὄνομα
1037 3295 1123 3358 αὐτου
1111 3295 1334 3416 ’Ἐμμανουηλθ

333 3395 474 3500 CLXIII.
525 3394 616 3476 ΙΙαρά
638 3391 668 3457 δὲ
693 3401 873 3502 Χριστιανοῖς
899 3395 945 3460 διά
970 3401 1053 3501 τρῦτο
1078 3391 1126 3459 καὶ
1151 3395 1293 3476 μάλλον’
1277 3399 1421 3476 ηγαπάτο,

249 3479 342 3582 ἐπριδη
356 3505 420 3552 τους
434 3480 512 3543 καθ
521 3480 638 3543 ἕκαστον
656 3483 777 3580 ῥεγεῶνα
797 3481 917 3584 444'444444
935 3479 995 3542 κατ’
1010 3479 1101 3583 4’4'404444
1122 3481 1191 3560 εἶχεν
1210 3481 1421 3585 γεγραμμένους,

249 3590 296 3626 και
311 3589 359 3634 ους
373 3567 412 3642 τῶ
427 3589 475 3627 του
463 3561 708 3668 βαπτίσματος
689 3589 820 3670 4444444444
808 3562 1016 3667 Ηέφώτιζεν,
985 3589 1017 3626 ου
1003 3563 1173 3668 συνεχώρει
1184 3563 1354 3667 δημυριΗαν
1334 3565 1422 3626 απαί-

251 3673 325 3726 τησιν
341 3625 482 3711 ὑπελθεῖν.
496 3675 536 3727 τῳ
524 3644 582 3710 δὲ
596 3647 664 3711 καθ’
682 3646 844 3753 ηχαρανρ
800 3646 949 3728 κηρύγματι
963 3646 1027 3718 τούς
1041 3671 1072 3710 τε
1081 3649 1223 3751 μετρίους
1217 3675 1263 3753 4444
1255 3644 1423 3720 πλουσίους

250 3733 389 3835 ἐνουτεθει
409 3735 458 3794 τοῦ
477 3759 517 3813 μη
537 3732 691 3812 ἀνέχεσθαι
709 3731 773 3801 τοὺς
788 3732 1033 3833 44444444444044¹
1050 3732 1171 3810 πένητας
1184 3731 1266 3813 παρά
1279 3733 1422 3796 Ἰουδαίων

249 3817 266 3896 4
259 3812 415 3896 Ελλήνων
431 3817 580 3920 δημοσιή
564 3834 629 3895 οψα
642 3813 792 3919 λαμβάνειν
807 3840 853 3876 και
845 3810 973 3919 βίον
939 3840 972 3893 τη
984 3840 1034 3878 του
1021 3816 1243 3898 βαπτίσματος
1254 3813 1423 3895 καθιερώσει

250 3900 462 3979 κεκαθαρμένον
476 3901 642 3979 χαρισμασιν
656 3897 792 4002 Ελλήνων
805 3899 981 3978 χραινεσθαι.

336 3983 477 4043 CLXIV.
525 3982 641 4054 Τουτοις
660 4009 707 4045 και
728 3981 833 4044 τούτων
852 3984 972 4045 πλειοσιν
988 3982 1188 4088 ἀνδραγαθίας
1204 3979 1320 4086 άνθεσιγ
1335 3987 1375 4062 4443
1391 4009 1423 4047 τε

250 4072 312 4170 θειβ
327 4093 373 4130 και
388 4072 474 4130 πᾶσιν
489 4066 682 4147 ἀνθρώποις’
667 4069 807 4148 εχέφροσιν
822 4065 969 4146 εὐηρέστει·
985 4077 1043 4139 τοῖς
1055 4068 1111 4172 γὰρ
1126 4065 1312 4174 ἀλογίστοις’
1296 4092 1423 4173 αρεσκειν

250 4149 429 4275 ἀδάναηον,”
412 4174 482 4232 οπερ
496 4155 535 4228 τῴ
551 4155 614 4213 θεῶ
630 4149 777 4228 ευάρεστον
792 4150 995 4214 ἀποδεικνυται.
1014 4151 1113 4214 τούτου
1128 4148 1176 4214 οὗν
1191 4151 1279 4214 ἕνεκεν
1293 4176 1344 4213 ουκ
1358 4152 1424 4234 ἐφο

249 4238 283 4312 βι
285 4235 357 4295 σαν
372 4233 424 4304 τὰς
438 4233 527 4316 ὕβρεις
541 4239 597 4297 τῶν
613 4234 778 4336 ἀλογίστων
783 4233 977 4340 ἀνθρώηων’
961 4245 1064 4311 εκεῖνοι,
1080 4233 1121 4306 οἷς
1137 4261 1152 4316 η
1168 4233 1260 4316 γνώμη
1276 4233 1424 4334 ἐτύγχανεν

249 4341 314 4386 τους
337 4316 577 4395 ἀπαρεσκομένους
597 4316 778 4390 πλείστους
763 4343 847 4389 οντας
873 4345 910 4400 μη
933 4323 1043 4382 δειλνᾶν.
1071 4318 1136 4382 ὅτου
1162 4318 1243 4399 χάριν
1263 4342 1359 4399 περιην
1382 4323 1424 4397 4443
