3126 4894
238 283 300 350 216
708 293 936 344 σαωωωυωαι

238 449 425 534 σωφροσύνην.
444 449 550 530 νύμφην
570 445 599 512 δὲ
617 447 738 531 λέγω
705 473 755 528 της
774 445 919 526 ε’κκλησότς
936 441 969 508 τὸ
987 442 1123 523 σύστημα.
1145 442 1195 508 ἐὰν
1217 442 1271 546 ηὰρ
1289 442 1415 527 σάφρων

211 569 215 578 ·
239 531 439 615 καταληφθῇ
427 559 483 597 υπο
470 533 632 634 νυμφιου6
645 533 788 614 βασιλίως,
804 535 882 610 τιμῆς
895 529 1023 654 μεγίστης
1034 528 1167 602 τεύξεται,
1183 525 1230 590 καὶ
1243 525 1319 608 ὑμεῖς
1328 528 1414 611 μεγά-

238 625 287 722 λης
302 619 455 698 ιύφρασίας
470 615 509 689 ῶς
530 612 622 723 ηλητρί
633 615 745 720 γάμων
758 614 961 677 άπολαύσετε.7
976 613 1025 676 ἐὰν
1041 609 1097 674 δὲ
1084 621 1258 736 ημαρτηκυῖα
1272 615 1414 719 φωραθῇ,

239 701 309 800 αὐτῇ
323 701 372 782 μὲν
387 700 547 801 ἕκβλητός’
531 725 612 772 εστιν,
628 698 704 804 ύμεῖς
718 697 746 762 δὲ
762 700 837 778 δίκην
853 693 1008 768 δῶσετε,”
979 723 1000 759 ει
1016 697 1098 768 πως8
1118 697 1200 777 παρὰ
1214 696 1263 777 τὴν
1276 695 1414 777 ύμετίραν

238 787 368 866 ἀμέλειαν
384 788 490 866 ηίχονεν
505 783 522 866 4
538 782 671 905 ἁμάρτια.

323 886 417 944 CLII
461 885 515 948 Διὸ
520 885 586 988 πρὸ
601 883 717 984 πάητων
731 878 792 987 περὶ
808 879 987 963 σωφροσύνης
1001 881 1167 960 φροντιζετε.
1181 881 1290 943 λίαν
1259 906 1312 984 ηαρ
1329 879 1413 986 πηροὶ

238 974 277 1050 τῷ
297 974 359 1048 θεῷ
381 965 533 1050 χαλεπῖ,Ί
509 995 623 1048 ωρισται
643 967 659 1048 4
674 968 803 1070 πορνεία.
824 967 954 1045 πορνείας
974 964 1003 1028 δὲ
1012 963 1075 1066 είδη
1090 963 1227 1039 πολλὰ,
1206 990 1246 1036 ως
1261 961 1308 1027 καὶ
1325 965 1414 1038 αὐτὸς

238 1051 380 1158 Κλήμης
367 1064 429 1134 υμῖν
449 1051 611 1154 διηηῇσεται.
632 1053 702 1132 πλὴν
723 1051 819 1154 πρώτη
838 1051 944 1154 μοιχεία
964 1045 1037 1112 ε’στίν
1057 1050 1090 1111 τὸ
1111 1049 1246 1128 ἄνδρα
1215 1075 1253 1154 μη
1269 1049 1377 1132 ι”διητ’
1340 1076 1413 1148 μονη

238 1138 401 1238 χρήσασθαι
415 1133 527 1240 ηνναικί,
543 1131 590 1198 καί
601 1146 718 1242 ηυηαῖκα
728 1161 765 1238 μη
755 1133 837 1212 ιδῶρ
851 1135 928 1240 μόνῳ
940 1133 1106 1238 χρησασθαιΙ
1114 1132 1233 1232 άνδρι’.’
1218 1133 1268 1196 εὰν
1278 1139 1412 1216 σωφρονῇ

237 1249 287 1295 τις,
301 1248 347 1284 και
339 1217 565 1304 φιλάνθρωπος
580 1223 740 1322 γενέσθαι.
727 1197 856 1293 δύνιιτάι,
876 1213 908 1281 ού
922 1216 1021 1280 εἵνεκεν
1042 1220 1134 1290 ἕλεὀυς
1149 1218 1261 1279 αἰωνίινυ
1276 1217 1414 1292 τεύξεται.

239 1305 277 1377 ῶς
292 1303 356 1386 334
375 1305 481 1406 μοιχεία
499 1306 571 1385 μεήα
590 1303 688 1377 κακὸν,
708 1302 796 1373 ούτως
814 1300 830 1383 34
850 1303 1053 1401 φιλανθρωπία
1072 1304 1197 1383 μεήιστον
1220 1302 1345 1383 αἠαθόν.
1369 1303 1413 1365 διὸ

240 1391 425 1492 άηαπάτε
386 1387 497 1459 πάντας
512 1386 587 1486 ημῶν
602 1389 666 1457 τοὺς
681 1387 818 1468 ἀδελφοὺς
832 1396 940 1487 σεμνοῖς
951 1411 997 1448 και
989 1381 1152 1488 ελεημυσιν
1163 1385 1336 1467 ὀφθαλμοῖς,
1352 1397 1414 1459 τοῖς

239 1500 289 1555 μεν
299 1482 437 1576 ορφηινοῖς
451 1477 593 1574 ποιοῦντες
607 1472 644 1534 τὰ
659 1472 771 1552 ηυνίον,
793 1481 855 1541 ταῖς
874 1466 903 1532 δὲ
921 1469 1019 1572 χήραις
1037 1470 1075 1533 τὰ
1098 1469 1219 1550 ἀνδρῶν,
1241 1473 1414 1577 παρέχοντες

239 1557 311 1638 μετὰ
330 1555 423 1637 πάσης
442 1555 609 1638 εὐφροσύνης
627 1554 726 1631 τὰςτρ
715 1555 819 1634 ροφιίς,
841 1564 899 1626 τοῖς
922 1555 1051 1632 ακμαίοις
1071 1554 1135 1624 τοὺς
1154 1554 1271 1658 ηάμους,
1286 1582 1334 1618 και
1353 1565 1414 1628 τοῖς

239 1641 332 1704 αὐτῶν
348 1641 489 1720 ιὶτεχνοιςι
505 1641 550 1702 διὰ
562 1644 617 1702 τῶν
628 1637 875 1719 ε’πιτηδευαάτων’
860 1639 1028 1718 εννοούμενοι
1040 1639 1093 1705 τὰς
1102 1639 1257 1720 προφάσεις
1266 1643 1316 1721 τῇς
1327 1640 1413 1722 ἀναχ

239 1725 322 1796 καιάς
336 1728 449 1804 τροφης,
465 1726 570 1802 τεχνίτη
587 1722 671 1803 ίρχον,
688 1729 802 1802 αδρανει
795 1722 902 1794 ἔλεος,

325 1833 434 1892 OLHI.
482 1833 555 1894 Οίδα
575 1829 604 1893 δὲ
623 1835 716 1893 ταντα
733 1856 795 1910 ποιι
799 1857 855 1893 σειν
870 1830 963 1914 ὑμᾶς,
974 1832 1023 1895 ε’ἰαν
1038 1830 1150 1914 άηάπην
1165 1833 1205 1904 εἰς
1218 1832 1266 1896 τὸν
1280 1831 1413 1914 ύμότερον

240 1917 371 2020 ἰδρύσητε
382 1920 454 1978 νοῦν
475 1916 544 1995 πρὸς
565 1912 639 1976 δὲ
612 1941 661 1995 την
683 1915 768 1994 αὐτῇς
786 1883 893 1979 ύίσυδυν
911 1917 962 1996 μία
982 1917 1023 1988 τίς
1042 1919 1114 1980 ἐστιν
1132 1916 1212 1998 ἱκανὴ
1230 1916 1412 1999 πρόφασις,ῇ

238 2001 312 2082 κοινῇ
332 2005 388 2062 τῶν
411 1997 487 2063 ἁλῶν
508 1945 670 2124 μετάληηύς.
692 2000 734 2061 διὸ
753 2000 925 2073 σπουδάζετε
944 1997 1110 2082 πυκνότερον
1131 2004 1266 2106 σηείστιοι
1281 2002 1412 2108 αλλήλων

238 2087 367 2167 γίνεσθαι
380 2081 420 2154 ῶς
434 2084 585 2158 δύνασθε,Ι
606 2083 683 2154 ὅπως
698 2083 784 2165 αὐτὴν
798 2085 835 2167 μὴ
855 2085 1084 2209 άπεμπολησητε
1104 2085 1181 2148 αἰτία
1191 2085 1255 2184 4434)
1273 2088 1345 2148 ἐστιν
1360 2091 1412 2167 τῇς

238 2169 374 2241 εὐποιίας,
395 2165 411 2248 4
431 2166 460 2230 33
479 2167 586 2230 εὐποιία
606 2173 654 2266 τῇς
671 2169 818 2274 σωτηρίας
838 2170 962 2241 κοινοῖςδ
981 2162 1028 2232 ούν
1043 2168 1147 2239 πάντες
1161 2195 1247 2232 πασιν
1261 2179 1320 2240 τοῖς
1335 2171 1411 2233 κατὰ

238 2252 308 2357 θείην
324 2253 454 2333 ἀδελφοῖς
469 2253 533 2323 τούς
543 2253 649 2314 ἑαυτῶν
660 2254 795 2331 παρέχετε
805 2255 889 2334 βίους,
902 2252 1036 2324 ει’δότες”
1020 2278 1061 2316 οτι
1072 2253 1230 2354 πρόσκαιρα
1242 2253 1412 2350 δωρούμενον

239 2336 339 2442 αἰῶηια
357 2336 497 2417 ληήνεσθε.
516 2341 609 2413 πολλῶ
628 2340 733 2439 μαλλον
753 2343 906 2409 πεινῶντας
923 2340 1050 2442 τρέφετε,
1069 2333 1136 2399 καί3
1155 2341 1258 2416 διψῶσι
1272 2363 1414 2418 παρεχετε

238 2421 333 2524 ποτὸη,
349 2431 460 2502 γυμνοῖς
475 2422 592 2502 ἔνδυμα,
608 2419 672 2492 τούς
687 2425 838 2493 νοσοῦντας
852 2423 1065 2494 ε’πισκόττεσθε,
1085 2447 1144 2492 τοις
1159 2423 1187 2484 ἐν
1201 2426 1373 2503 φυλακαῖς’
1356 2449 1413 2487 επι-

238 2505 396 2612 φαινόμενοι
411 2503 450 2577 ῶς
464 2505 590 2570 δύνασθε
603 2507 736 2608 βοηθῇτε,
753 2505 817 2576 τοὺς
827 2509 921 2580 ξίνονς
931 2507 1002 2586 μετὰ
1013 2503 1107 2586 πάσης
1121 2508 1323 2610 προθυμιας’
1294 2533 1335 2579 εις
1346 2509 1413 2580 τούς

238 2592 345 2653 ἑαυτῶν
355 2586 445 2689 οἴκους
455 2589 621 2693 λαμβάνετε.
635 2587 731 2670 πλην
716 2615 762 2650 ινα
772 2587 809 2670 4434
821 2591 853 2652 τὸ
866 2615 919 2653 κατ
919 2591 1011 2660 ἐἶδος
1020 2591 1099 2694 λεήω,
1114 2615 1173 2652 παν
1187 2588 1298 2654 καλὸν
1284 2617 1301 2671 η
1313 2597 1410 2673 φιλαν

238 2675 357 2753 θρωπία
371 2671 444 2776 {4434
458 2685 544 2737 ποιεῖν
559 2671 709 2748 διδάξει,”
686 2699 780 2753 ωσπερ
794 2671 811 2754 4
824 2677 1027 2754 ηασανθρωπιίι
1043 2699 1101 2744 τοις
1117 2673 1154 2757 μη
1170 2677 1344 2756 βουλομένοις
1359 2677 1413 2739 σῶ

242 2761 344 2830 ζεσθαι
359 2758 406 2838 τὴν
421 2760 644 2836 κακοπραξίαν
628 2756 823 2820 ύ·.πυδει’κντσιν

323 2866 430 2924 CLIV.
478 2866 513 2927 04‘
523 2866 692 2969 πράχμμτα
705 2867 813 2963 ἔχοντες
832 2863 984 2948 άδελφοί’
969 2863 1012 2929 επί
1034 2871 1089 2929 τῶν
1109 2868 1239 2940 ἐξουσιῶν
1253 2871 1413 2947 κοσμικῶν1

238 2950 274 3030 μη
291 2953 493 3052 κρινέσθωοαν,
510 2950 593 3011 ἀλλ”
583 2951 637 3012 υπὸ
653 2953 709 3012 τῶν
720 2955 770 3028 τῇς
781 2953 924 3031 ἐκκλησίας
936 2954 1125 3054 πρεσβυτιρων
1137 2955 1275 3034 συμβιβαζ
1273 2955 1414 3018 ε’σθωσαν

237 3029 322 3134 παητί
344 3031 452 3110 τρόπῳ,
472 3033 588 3110 ἑτοίμως
608 3033 703 3103 αὐτοῖς
723 3033 893 3113 πειθόμενοι
912 3036 982 3117 πλην
1001 3033 1047 3098 καί
1066 3036 1115 3134 την
1140 3037 1353 3111 πλεονεξίαν
1318 3063 1412 3110 ουτως

238 3115 363 3196 ῳεύηετε,
387 3112 426 3185 ῶς
450 3115 588 3195 προφάσει
614 3120 786 3197 προσκαίρου
811 3120 921 3198 κε’ρδους
946 3121 1024 3223 αητὸ2
1057 3125 1113 3182 τῶν
1139 3121 1260 3183 αἰωνίων
1286 3119 1413 3204 άηαθῶν

239 3202 348 3279 ζημιοῖο
370 3201 530 3278 δυναμένην
550 3200 631 3280 ζυηά,
650 3202 754 3301 με’τρα,
774 3202 917 3281 στάθμια,
946 3204 983 3266 τὰ
1005 3209 1061 3265 τῶν
1090 3203 1205 3267 τόπων3
1234 3207 1372 3268 δίκαια’
1356 3234 1413 3271 επι-

236 3285 326 3362 μελῶς
346 3281 516 3365 φυλάσσετε,
536 3286 606 3362 πρὸς
624 3286 677 3355 τὰς
696 3287 874 3367 παραθηκας
895 3287 1095 3368 εύηνωμονεῖτε.
1100 3287 1188 3395 ’πλην
1202 3294 1295 3393 ταῦτα
1309 3288 1358 3356 καῖ
1372 3292 1412 3356 τὰ

236 3367 342 3438 τούτιις
362 3366 546 3447 παραπλήσια
567 3371 644 3449 μέχρι.
666 3371 761 3440 τελῶν,
786 3381 872 3434 ποιεῖν
891 3370 1064 3474 ύηιομοιεῖτε,
1091 3372 1141 3436 ἐὰν
1170 3372 1326 3476 ἀχώριστον
1345 3376 1412 3482 μνή-

235 3479 287 3546 μην
307 3448 370 3531 περὶ
388 3455 437 3532 τῇς
461 3451 490 3513 ἐκ
512 3457 584 3516 θεου
604 3454 744 3534 ηινομίνης
764 3455 878 3533 κρισεως
903 3455 931 3516 ἐν
954 3465 1017 3526 ταῖς
1038 3457 1202 3537 καρδίαις
1186 3481 1272 3538 εχητε.
1291 3463 1334 3531 τίς
1356 3461 1414 3542 γὰρ

237 3561 272 3597 αν
292 3534 439 3637 ἁμαρτῇση
454 3534 782 3641 πεπληροφορημενος,
765 3563 808 3600 οτι
827 3540 856 3600 ἐκ
871 3544 942 3601 θεοῦ
956 3542 1062 3602 δικαίου
1076 3545 1125 3602 τοῦ
1142 3567 1190 3603 νυν
1209 3542 1294 3620 μόνον
1307 3569 1412 3650 μακηο·

236 3617 343 3741 4‘3344044⁴
349 3616 396 3680 καί
415 3621 567 3720 434444‘3443’
552 3618 595 3683 επῖ
611 3626 644 3700 τῇ
660 3626 709 3683 τοῦ
708 3613 789 3724 n434'4444
803 3625 944 3705 συντελείᾳ
964 3626 1095 3704 γενέσθαι
1114 3623 1225 3728 ῶρισθῇ
1240 3628 1339 3707 κρίσις,
1363 3627 1412 3692 ίνα

236 3700 263 3762 οἱ
274 3699 343 3779 μενΙ
365 3699 475 3782 άηαθοῖ
497 3709 546 3766 τού
565 3709 662 3767 λοιποῦ
680 3710 736 3768 τῶν
759 3706 925 3807 άπορρῇτων
945 3708 1067 3789 ἀγαθῶν
1088 3709 1185 3780 άῖδίως
1200 3710 1411 3788 ἀπολαύσωσιν,

235 3808 261 3845 οι
257 3781 310 3846 3‘3
334 3781 495 3864 ἁμαρτωλοὶ
514 3785 674 3868 εύρεθίνιες
693 3787 733 3861 ῶς
746 3815 826 3853 κακοι
818 3786 1019 3875 ‹340443440445
1037 3791 1179 3864 κολάσεως
1193 3793 1393 3868 τεύξονται
1359 3823 1412 3880 της

236 3867 365 3940 αι’ωνάνυς

321 3967 412 4028 CLV.
456 3965 516 4030 Καὶ
536 3975 627 4034 ταῦτα
647 3999 696 4052 μεν
716 3973 804 4036 ούτων
823 3975 884 4075 ἔχει.
904 3975 1003 4051 διὸ,
980 4004 1004 4039 ω
1023 3975 1087 4078 Κλῇ
1130 4025 1138 4050 ,
1161 3977 1272 4058 ἑκάστῳ
1286 3982 1363 4044 κατὰ
1376 3985 1412 4086 τίη

235 4051 354 4114 δυνατὸν
374 4055 591 4155 προκαθεσθητι
611 4057 764 4135 βοηθὸς
733 4083 786 4128 τας
804 4058 919 4122 πάντων
934 4073 1098 4141 φορτισθεις
1112 4064 1272 4142 φροντίδας.
1288 4064 1361 4127 ὅθεν
1376 4068 1412 4130 τό

234 4157 267 4194 σε
274 4135 430 4232 οἰκονομεῖν
446 4135 700 4242 άηαδίξασθαιχ
663 4164 743 4218 αριχν
758 4142 821 4202 οἰδα
842 4143 1025 4243 ειληφῶς,
994 4171 1027 4207 ου
1045 4145 1187 4248 δεδωηούς
1207 4147 1281 4209 ἀλλὰ
1296 4149 1412 4252 θάρρει

235 4210 282 4274 καῖ
297 4219 427 4294 ηενναίως
440 4222 514 4298 φερε,
530 4219 569 4291 ῶς
582 4221 692 4292 ειδὼς
676 4249 717 4285 οτι
730 4223 868 4287 ἀποδόσει
884 4251 926 4288 σοι
941 4225 958 4288 3
970 4229 1039 4299 θεός
1053 4230 1093 4298 εἰς
1103 4229 1152 4292 τὸν
1163 4232 1307 4309 λομεμνα
1273 4258 1324 4336 της
1340 4235 1411 4297 α’να

235 4295 365 4367 παύσεως
380 4300 584 4382 καταντῇσαντι
598 4304 630 4365 τὸ
645 4306 770 4386 μεἠιστον
785 4311 840 4370 τῶν
856 4309 994 4390 α’χαθῶν,
1016 4313 1207 4394 άναφαιρετον
1220 4315 1411 4396 μισθὸν,κα
