3126 4894
615 285 770 336 neironis
787 287 935 338 mrem:
1287 274 1347 340 201

177 433 283 486 iniuria
294 429 474 498 afficiuntur,
487 430 583 500 potius
596 430 727 484 iniuriam
739 430 846 499 facere,
859 431 952 486 adhue
965 433 1086 502 amplius
1098 450 1144 488 res
1156 439 1219 489 tota
1231 435 1348 515 iniquis·

176 501 247 553 sima
264 499 336 552 mihi
352 497 479 566 videtur,
501 499 634 567 quoniam
651 498 672 551 ii
689 499 817 567 quidem,
839 500 887 568 qui
905 499 1038 552 videntur
1059 499 1185 554 conferre
1207 501 1347 570 iniuriam,

175 568 265 620 multa
283 567 320 618 iis
342 566 516 632 concedunt,
538 565 587 634 qui
607 564 703 619 futura
725 567 887 636 elegerunt,
909 562 1043 636 quivero
1064 567 1197 620 videntur
1217 569 1348 623 iniuriam

177 634 330 698 sustinere,
344 633 352 684 i
375 633 399 684 si
412 649 474 686 eam
487 631 621 697 inferunt,
636 633 702 702 quia
714 633 884 699 hominibus,
898 634 947 702 qui
959 633 1005 687 hic
1018 634 1089 702 ipsis
1102 651 1278 702 concessere,
1291 654 1348 690 non

174 701 315 780 praebent
331 652 393 753 idio
410 700 523 766 eadem,
541 699 644 768 quibus
657 700 701 752 illi
718 701 794 770 ipsos
813 701 960 754 donarunt.
994 701 1033 753 Et
1046 701 1161 754 Petrus:
1181 701 1281 772 Neque
1293 703 1347 756 hoc

175 769 304 836 iniquum
321 774 379 833 cst,
396 767 625 836 quandoquidem
641 769 834 836 unusquisque
850 773 993 837 potestate
1010 769 1156 837 praeditus
1175 776 1219 822 est
1231 776 1347 840 antepo-

174 835 262 888 nendi
274 833 322 888 vcl
333 835 496 904 praesentia
507 837 553 887 vel
567 833 671 900 futura,
686 835 745 887 sive
757 853 844 904 parva
858 835 930 902 sint,
947 835 1006 888 sive
1019 853 1130 906 magna.
1166 835 1222 898 Qui
1233 837 1347 906 proprio

174 902 281 956 iudicio
294 906 325 954 et
337 901 457 955 consilio
473 900 585 972 deligit,
598 919 654 954 non
667 900 793 955 afficitur
802 902 914 967 iniuria,
927 919 1028 972 neque,
1041 903 1164 972 inquam,
1178 903 1248 956 licet
1260 921 1347 973 parva

173 969 331 1038 praeferat,
348 969 461 1037 quando
478 973 507 1023 et
524 985 628 1038 magna
643 969 819 1038 prostabant.
855 969 928 1024 Nam
946 972 974 1023 ei
988 971 1135 1040 proposita
1152 971 1239 1024 etiam
1256 977 1345 1038 erant,

193 1053 246 1090 uae
261 1037 306 1090 exi
330 1053 367 1088 ua
379 1043 451 1088 sunt.

174 1053 193 1105 q
242 1054 391 1156 CXXVII.
425 1101 464 1154 Et
479 1107 561 1172 pater
581 1102 637 1156 ait:
664 1102 754 1156 Recte
779 1101 892 1156 locutus
917 1121 954 1158 es.
990 1103 1104 1158 Etenim
1129 1104 1237 1160 dictum
1261 1111 1346 1161 esta

172 1171 297 1291 quodam
315 1172 390 1223 inter
408 1168 534 1223 Graecos
552 1169 693 1238 sapiente:
724 1171 812 1239 Oolpa
830 1173 1001 1236 deligentium
1013 1179 1063 1239 cst,
1081 1175 1158 1224 Deos
1171 1175 1250 1250 σπῖρα
1263 1181 1345 1226 caret.

195 1238 232 1291 ed
245 1243 275 1291 et
288 1237 381 1292 adhuc
393 1235 467 1290 hane
480 1236 550 1288 mihi
563 1253 661 1290 enarra
672 1236 818 1290 rationem.
837 1237 955 1291 Memini
968 1237 1144 1291 Clementem
1156 1238 1225 1290 mihi
1239 1239 1343 1306 dicere,

171 1323 223 1358 nos
241 1305 360 1358 iniurias
378 1310 407 1357 et
422 1303 595 1357 afflictiones
612 1305 649 1357 ad
665 1309 846 1382 peccatorum
862 1305 1058 1358 remissionem
1094 1304 1143 1357 ati.
1177 1305 1215 1356 Et
1227 1305 1343 1359 Petrus:

169 1373 262 1426 Recte
275 1373 318 1426 ita
329 1371 425 1424 habet.
460 1371 520 1425 Nos
533 1371 618 1438 enim,
631 1388 680 1440 qur
692 1370 787 1424 futura
799 1371 962 1436 maluimus,
976 1387 1047 1439 quae
1060 1323 1142 1440 pXura
1153 1372 1343 1440 possidemus,

171 1457 223 1492 seu
234 1445 348 1505 vestes,
364 1455 414 1493 seu
426 1438 519 1504 cibos,
538 1455 588 1491 seu
600 1439 745 1506 potiones,
765 1455 816 1492 seu
827 1439 885 1492 alia
898 1439 1060 1507 quaepiam,
1076 1445 1198 1507 peccata
1215 1440 1343 1508 posside·

170 1525 249 1572 mus,
274 1507 343 1575 quia
365 1505 437 1558 nihil
462 1506 597 1558 debemus
617 1505 736 1570 habere,
760 1505 801 1558 uti
825 1506 923 1574 paullo
948 1511 1014 1558 ante
1039 1521 1166 1558 sermone
1192 1506 1342 1560 declaravi.

170 1572 312 1626 Omnibus
329 1573 525 1642 possessiones
542 1579 663 1650 peccata
686 1578 759 1625 sunt.
794 1571 898 1625 Earum
918 1577 1013 1625 autem
1053 1572 1210 1626 nalitercun
1232 1590 1267 1627 ue
1288 1574 1343 1643 pri·

169 1641 249 1694 vatio
266 1640 412 1709 ademptio
429 1645 473 1693 est
497 1640 671 1692 delictorum.
707 1639 791 1692 Dixit
810 1645 905 1708 pater:
928 1639 1018 1692 Recte
1061 1639 1135 1692 abet.
1171 1639 1209 1692 Et
1252 1645 1342 1693 etrus:

169 1707 341 1760 Iustissime.
377 1707 612 1776 Quandoquidem
634 1707 710 1760 enim
727 1723 822 1761 eorum
838 1706 887 1776 qui
905 1707 1050 1760 salvantur
1064 1713 1123 1773 est,
1137 1707 1212 1761 sieut
1225 1708 1297 1774 dixi,
1311 1713 1343 1762 ut

170 1792 253 1828 nemo
273 1775 384 1843 aliquid
394 1775 514 1840 habeat,
533 1774 632 1827 multis
645 1780 740 1827 autem
756 1775 863 1828 multae
882 1780 1036 1843 suppetunt
1052 1775 1264 1843 possessiones,
1277 1775 1343 1829 ideo

168 1857 219 1911 per
232 1842 365 1895 eximiam
378 1842 435 1895 Dei
447 1841 653 1895 humanitatem
666 1841 872 1913 castigationes
885 1841 1058 1894 inducuntur
1070 1841 1120 1909 iis,
1140 1842 1189 1911 qui
1206 1859 1262 1895 non
1273 1859 1342 1911 pure

169 1909 284 1974 vivunt,
303 1915 336 1961 ut
352 1914 468 1978 propter
484 1909 660 1978 aliquantam
677 1925 708 1962 er
730 1927 747 1962 a
759 1909 853 1962 Deum
866 1909 1015 1963 caritatem
1032 1926 1082 1978 per
1093 1909 1263 1989 temporaria
1277 1927 1310 1961 su
1331 1940 1340 1950 -

168 1977 258 2045 plicia
270 1977 395 2029 aeternis
408 1976 508 2045 poenis
521 1976 683 2029 liberentur.
747 1995 793 2029 um
805 1980 900 2045 pater:
919 1977 1020 2030 Nonne
1033 1978 1137 2030 multos
1151 1977 1251 2046 impios
1265 1976 1293 2029 vi
1315 1993 1342 2030 e·

168 2062 231 2096 mus
247 2043 407 2112 pauperes?
425 2043 471 2096 An
489 2050 638 2112 propterca
655 2049 683 2096 et
700 2044 744 2096 illi
762 2045 837 2096 inter
849 2060 911 2110 eos,
929 2045 977 2112 qui
990 2044 1112 2098 salutem
1125 2050 1341 2113 consequentur,

168 2111 336 2164 numerandi
358 2109 443 2164 sunt?
461 2111 499 2162 Et
511 2111 625 2164 Petrus:
651 2109 838 2181 Nequaquam
859 2111 980 2164 omnino.
1015 2112 1080 2166 Non
1101 2112 1175 2164 enim
1196 2111 1342 2181 probanda

169 2183 214 2230 est
230 2177 366 2248 pauperis
384 2178 493 2247 inopia,
513 2179 551 2245 si,
569 2195 640 2246 quae
660 2195 717 2232 non
735 2183 860 2248 oportet,
880 2184 1005 2248 appetat.
1042 2178 1072 2232 Si
1089 2196 1198 2248 quoque
1211 2179 1342 2232 nonnulli

168 2245 317 2298 voluntate
332 2245 435 2298 divites
449 2263 532 2314 opum
546 2251 612 2298 sunt
623 2263 771 2315 pauperes,
786 2251 815 2300 et
827 2251 962 2314 tanquam
972 2246 1142 2299 facultatum
1152 2247 1248 2315 cupidi
1260 2247 1341 2315 puni-

169 2319 262 2364 untur.
300 2311 356 2366 Sed
369 2329 421 2366 neo
434 2313 508 2380 quod
522 2312 625 2381 aliquis
639 2313 676 2365 sit
687 2331 802 2382 pauper,
820 2313 916 2365 statim
929 2313 1021 2364 iustus
1034 2317 1086 2365 est.
1122 2313 1223 2366 Potest
1235 2313 1340 2382 quippe

167 2397 277 2449 pauper
293 2397 356 2434 esse
393 2380 507 2445 ecuuia,
525 2386 556 2434 at
573 2396 635 2432 cam
652 2397 753 2449 cupere
771 2385 820 2432 aut
837 2379 868 2430 id
884 2379 992 2444 facere,
1033 2379 1090 2432 uod
1110 2379 1263 2447 praecipue
1283 2397 1340 2432 non

168 2447 327 2515 oportebat.
391 2465 435 2500 am
452 2448 499 2500 vel
510 2447 588 2500 idola
601 2447 684 2512 colit,
697 2447 743 2500 vcl
755 2445 949 2514 blasphemat,
962 2446 1008 2498 vel
1015 2395 1185 2510 dornicatnr,
1197 2445 1244 2498 vel
1256 2445 1340 2498 indif-

168 2513 294 2567 ferenter
305 2515 386 2580 vivit,
400 2514 536 2583 periurus,
550 2513 671 2567 mendax
684 2519 733 2566 aut
745 2511 879 2566 infidelis.
909 2513 995 2566 Porro
1010 2513 1138 2566 dominus
1151 2519 1248 2564 noster
1259 2511 1340 2565 Iesus

169 2580 311 2648 Christus,
325 2581 401 2634 filius
410 2581 468 2634 Dei
477 2581 544 2646 vivi,
558 2581 642 2632 dixit:
664 2583 747 2634 Beati
754 2598 893 2649 praepares
904 2581 1012 2648 spiritu,
1026 2581 1154 2646 quoniam
1167 2581 1289 2658 epscrrrm
1303 2589 1341 2632 eat

167 2667 281 2714 repetem
294 2651 439 2702 coeloram.
475 2649 548 2701 Tum
560 2653 655 2718 pater:
679 2648 753 2702 Vere
770 2663 883 2717 prorsus
902 2646 1056 2699 secundum
1068 2652 1241 2714 propositam
1255 2663 1339 2716 quae-

168 2717 292 2768 stionem
303 2733 349 2769 res
361 2716 495 2769 videntur
505 2721 584 2769 recte
596 2715 714 2783 habere3
733 2731 818 2785 quare
833 2713 936 2780 statui,
949 2719 1039 2766 totam
1051 2713 1149 2767 ordine
1163 2713 1260 2767 audire
1274 2714 1339 2768 doc-

166 2783 277 2835 trinam.

236 2849 399 2904 CXXVIII.
434 2849 472 2902 Et
488 2850 603 2904 Petrus:
627 2850 727 2918 ltaque
747 2849 881 2919 deinceps
899 2847 1027 2902 studenti
1044 2847 1099 2901 tibi
1122 2848 1231 2902 discere
1251 2849 1337 2902 etiam

168 2934 240 2986 quae
254 2917 291 2970 ad
304 2923 428 2970 nostram
441 2916 527 2970 fidem
543 2918 688 2986 pertinent
703 2923 735 2970 ut
748 2918 892 2971 desideras
910 2916 1006 2970 ordine
1020 2933 1157 2984 exponam
1171 2916 1337 2982 doctrinam,

167 2985 204 3037 ab
217 2985 280 3054 ipso
293 2984 434 3054 incipiens
447 2984 511 3037 Deo
525 2990 554 3037 et
566 2985 733 3051 ostendens,
754 2986 846 3054 ipsum
860 2984 950 3038 solum
963 2984 1021 3037 dici
1035 2983 1137 3037 debere
1149 2983 1252 3050 Deum,
1266 2984 1338 3038 alios

168 3069 233 3105 vero
247 3069 301 3104 nec
314 3052 380 3117 diei,
394 3069 447 3104 nee
462 3051 628 3117 existimari,
641 3051 783 3105 hominem
795 3060 904 3118 autem,
923 3052 971 3121 qui
984 3069 1065 3104 secus
1078 3051 1189 3118 feeerit,
1201 3056 1338 3122 perpetuo

167 3119 309 3198 supplicio
330 3119 521 3184 multandum,
543 3124 574 3170 ut
597 3119 645 3186 qui
666 3119 696 3170 in
716 3119 808 3188 ipsum
829 3121 1021 3174 universorum
1043 3119 1198 3172 Dominum
1218 3119 1337 3173 maxime

165 3186 270 3255 impius
283 3186 433 3239 exstiterit.
470 3185 564 3254 Atque
577 3185 732 3263 hoedi-cto,
747 3203 866 3254 cumque
880 3187 975 3252 aliqua
987 3187 1169 3263 perpessione
1183 3187 1336 3251 infestatis,

166 3253 397 3323 aegrotantibus,
416 3260 445 3307 et
464 3253 654 3306 daemoniacis
673 3270 710 3303 rm
733 3253 855 3306 osuisset
867 3269 975 3315 manus,
989 3259 1056 3303 item
1069 3258 1201 3320 precatus
1215 3258 1291 3305 esset
1303 3269 1337 3306 ae

166 3337 214 3374 eos
232 3327 372 3386 curasset,
392 3321 500 3374 dimisit
516 3321 658 3440 populum.
719 3326 731 3371 t
748 3325 849 3389 postea
867 3319 908 3371 ita
924 3318 1069 3386 ingressus
1089 3319 1173 3370 solito
1186 3319 1337 3371 admodum

166 3388 231 3442 cibo
265 3405 328 3441 erce
349 3393 379 3441 to
394 3406 423 3442 se
437 3406 533 3442 somno
568 3387 635 3442 edit.

258 3453 331 3506 XXI
363 3497 368 3507 .
403 3456 487 3509 Mane
506 3472 604 3509 veroe
641 3472 720 3508 essus
732 3453 834 3506 Petrus
852 3469 914 3505 eum
926 3449 1053 3504 venisset
1066 3449 1103 3503 ad
1114 3449 1221 3514 locum,
1239 3450 1269 3503 in
1300 3468 1335 3504 uo

165 3521 304 3576 disserere
318 3522 442 3590 solebat,
456 3523 603 3594 ingentem
635 3522 758 3576 ominum
771 3519 983 3573 multitudinem
999 3517 1165 3570 convenisse
1183 3517 1262 3570 vidit.
1323 3523 1335 3571 t

215 3715 250 3764 Ca
270 3713 419 3764 ‚cxxvii
444 3709 468 3777 1)
482 3712 532 3761 Cir.
545 3711 610 3760 Plat.
624 3711 654 3760 de
665 3711 728 3777 Rep.
772 3705 972 3774 ὁπωσδήποτε.
993 3735 1027 3744 -
1047 3703 1075 3774 5)
1096 3709 1152 3756 Par.
1172 3703 1186 3758 ὁ
1204 3709 1294 3774 γέρων
1310 3713 1335 3758 et

163 3731 268 3842 xcii),
286 3782 317 3829 E.
343 3780 473 3830 Sententia
489 3779 534 3828 illa
551 3785 730 3842 quantoperea
772 3794 820 3827 om.
837 3783 924 3844 postea
941 3776 1001 3842 ἔχω.
1019 3803 1053 3810 -
1069 3771 1096 3842 6)
1113 3777 1153 3824 ita
1170 3777 1215 3826 OV
1234 3782 1258 3824 et
1277 3779 1333 3824 Par.

164 3847 330 3914 scriptoribus
342 3847 488 3912 posterioris
505 3846 592 3895 aetatis
606 3845 730 3894 celebrata
773 3861 827 3893 cum
847 3849 953 3906 utroque
969 3845 1045 3892 Hom.
1064 3843 1123 3892 Cod.
1139 3837 1243 3908 Repone
1262 3839 1292 3893 τὸ
1305 3860 1334 3891 ex

164 3913 249 3976 fuerit,
263 3915 353 3964 docent
364 3914 451 3964 Astius
469 3914 535 3962 adh.
548 3915 565 3962 l.
585 3917 609 3961 et
625 3913 728 3961 Elmen·
772 3913 842 3977 Epit.
856 3940 886 3948 -—
901 3907 927 3969 7)
943 3905 993 3961 οὖν
1006 3927 1053 3958 om.
1066 3911 1089 3958 V
1107 3915 1131 3957 et
1146 3911 1203 3976 Par.
1220 3935 1254 3944 —
1272 3905 1299 3974 8)
1317 3907 1332 3959 ὁ
1362 3917 1366 3928 ’

163 3983 234 4034 horst
246 3983 278 4030 ad
294 3982 387 4030 Arnob.
404 3986 490 4030 contra
505 3986 591 4042 gentes
603 3980 636 4028 II.
649 3997 673 4044 p.
687 3977 727 4028 60.
772 3981 817 4028 καὶ
830 3979 858 4028 0.
871 4005 906 4014 -
917 3975 945 4038 9)
956 3979 1013 4026 Par.
1028 3978 1119 4039 cepae
1131 3969 1147 4036 ἢ
1159 3978 1334 4042 βλασφημεῖν

163 4051 221 4098 Alie
233 4050 306 4098 affert
319 4049 456 4098 (lotelerius
474 4048 504 4096 ad
519 4053 630 4097 nostrum
646 4048 729 4096 locum
772 4039 789 4108 ἢ
801 4039 956 4111 πορνεύειν.
971 4069 1005 4078 -
1016 4039 1060 4108 10)
1072 4043 1162 4090 Matth.
1175 4039 1199 4098 5,
1212 4039 1235 4089 3.

165 4117 252 4180 [Hom.
270 4117 329 4177 XV,
347 4111 383 4178 8).
401 4116 550 4178 Schwegler.
576 4141 610 4149 -
635 4111 660 4172 2)
683 4105 730 4173 [τὰ
823 4113 882 4176 Cap.
901 4110 1044 4160 CXXVIII.
1078 4105 1101 4168 1)
1122 4109 1167 4156 καὶ
1183 4107 1233 4156 dcs.
1252 4108 1279 4156 in
1300 4110 1331 4159 V.

164 4179 294 4254 ἐσόμενα]
314 4183 436 4249 adscripsi
453 4199 482 4232 ex
498 4184 573 4232 Hom.
585 4181 644 4241 XV,
658 4176 682 4228 9.
696 4205 729 4214 —-
771 4181 796 4227 et
807 4179 863 4226 Par.
881 4204 915 4212 —
932 4170 1138 4243 ‘litigatricum
1155 4173 1207 4222 cod.
1223 4175 1279 4223 Par.
1292 4191 1331 4241 ap.

163 4247 190 4317 3)
214 4251 253 4300 Ab
274 4251 314 4300 his
338 4251 420 4300 verbis
447 4251 537 4316 incipit
560 4250 727 4310 fragmentum
771 4245 853 4294 'Iisch¹
869 4240 934 4309 (ipse
946 4241 1119 4304 corrigendum
1129 4239 1200 4290 duxit
1212 4237 1331 4306 ἐκθήσο-

164 4319 307 4369 Parisinum
330 4317 519 4367 Tischendorfii.
546 4343 580 4353 -
614 4309 641 4377 4)
669 4316 726 4363 Par.
770 4306 841 4381 μαι).
854 4307 925 4374 -3)
938 4312 1113 4366 αἰωνίωςοω.
1128 4309 1157 4358 0.
