3114 4896
473 245 483 262 ‘
542 263 697 316 senous
713 263 824 314 raros.
1265 243 1306 310 41

129 421 158 469 11
171 418 333 469 commento
345 429 403 466 una
416 427 479 465 eum
491 407 637 481 Appione,
654 409 839 478 Annubione,
857 408 1056 476 Athenodoro,
1074 407 1240 480 ceterisque*
1251 428 1308 465 orn·

129 483 212 536 nibus
231 481 381 536 sodalibus
398 478 562 549 excogitato
584 477 700 549 publice
720 477 898 532 multitudini
920 477 1063 535 clamabat
1079 477 1194 532 Petrum
1215 482 1308 533 osten·

129 551 214 603 dens:
235 549 346 620 Fugite
362 547 448 612 hunc,
461 545 551 612 oviri,
564 546 640 600 omni
654 547 748 601 studio
765 565 798 600 ae
811 546 1005 614 festinatione,
1019 544 1126 616 fugite,
1140 544 1239 598 dicens
1252 563 1308 600 ma·

128 636 183 689 gus
200 623 261 683 est,
281 615 353 670 mihi
371 613 493 680 credite,
512 620 541 667 et
558 620 649 668 terrae
667 621 773 668 motum
791 614 815 666 is
829 614 890 683 ipse
908 631 925 668 a
945 613 984 666 ud
995 633 1045 669 vos
1058 611 1129 667 fecit
1141 612 1309 682 morbosque

128 684 282 751 excitavit,
295 690 328 737 ut
341 701 391 737 vos
404 687 570 761 perterreat,
588 683 743 752 deusquea
764 681 803 734 ud
820 700 870 736 vos
884 632 982 802 palam
999 682 1145 759 habeatur.
1182 678 1308 759 Cumque

128 753 251 823 populus
267 769 298 804 se
312 751 389 804 intra
402 749 548 802 silentium
561 749 716 816 tenuisset,
760 755 836 803 etrus
850 765 883 801 su
904 748 1000 803 ndens
1013 750 1134 820 plurima
1147 765 1210 802 curn
1224 748 1307 802 liber·

129 825 204 886 tate,
222 819 302 884 Viri,
321 818 430 888 inquit,
448 834 520 885 quae
538 817 574 871 ab
592 817 657 870 istis
675 817 809 871 dicuntur
825 833 869 870 me
882 833 970 896 posse
982 817 1046 872 Deo
1059 815 1174 870 volente
1193 814 1309 870 efficere

129 887 236 954 fate013
248 886 372 942 adhaec
384 891 499 955 paratus
513 903 583 950 sum,
596 885 653 938 nisi
665 885 735 938 mihi
747 883 904 938 habueritis
917 883 1003 938 fidem
1015 885 1045 939 in
1057 883 1102 938 his
1115 901 1187 954 quse
1200 884 1308 954 loquor,

129 955 296 1009 universam
308 959 433 1008 vestram
446 952 482 1006 ab
495 951 566 1022 ipsis
579 951 774 1007 fundamentis
787 957 913 1006 evertere
927 952 1080 1007 civitatem.

198 1037 309 1092 LVIII.
337 1038 410 1091 Tum
423 1036 507 1090 turba
520 1042 702 1091 consternata
715 1043 768 1100 est,
782 1035 848 1090 dein
860 1043 989 1108 prompto
1002 1037 1096 1092 animo
1108 1034 1264 1106 promittit,
1278 1053 1308 1090 se

131 1107 166 1161 ab
179 1106 244 1176 ipso
257 1106 399 1176 imperata
411 1104 563 1170 facturam,
583 1109 612 1158 et
624 1105 726 1158 Petrus
739 1103 828 1158 Nemo
841 1111 974 1172 vestrum,
988 1105 1094 1175 inquit,
1112 1103 1232 1174 posthac
1245 1121 1309 1158 cum

131 1175 225 1246 magis
239 1172 439 1228 commercium
451 1171 570 1238 habeat,
587 1189 686 1292 ”egisti
692 1189 810 1242 usquam
823 1172 1037 1252 incolquuium
1050 1172 1087 1226 iis
1099 1171 1204 1250 veniat.
1239 1171 1309 1250 Vul-

130 1239 1309 1386 tigillis,titillattttu,illitales,{taletastillim}

131 1377 223 1432 donec
235 1376 353 1448 penitu's
365 1375 434 1429 urbe
448 1375 634 1444 expulissent.
661 1376 767 1430 Postea
784 1375 955 1430 accedentes
973 1375 1133 1456 quicunque
1150 1392 1184 1428 ex
1196 1374 1232 1427 irs
1245 1392 1309 1427 cum

130 1445 238 1500 morbis
255 1462 291 1498 ao
309 1443 494 1498 daemonibus
516 1442 757 1509 colluctabantur,
779 1449 845 1497 ante
867 1442 956 1513 pedes
978 1441 1057 1496 illius
1078 1442 1219 1496 iacebant.
1254 1442 1308 1496 Ille

130 1530 196 1567 vero
216 1511 342 1566 sublatis
360 1510 391 1564 in
409 1511 519 1565 caelum
536 1509 666 1564 manibus
683 1511 777 1565 Deum
798 1527 833 1564 ue
851 1515 1060 1580 comprecatus,
1078 1515 1196 1564 cunctos
1212 1527 1309 1579 preca·

131 1579 211 1634 tione
230 1579 293 1633 sola
310 1577 427 1632 curavit.
464 1578 529 1632 Non
546 1595 652 1656 paucos
670 1585 766 1632 autem
779 1528 846 1632 (dies
863 1578 939 1648 apud
956 1577 1090 1648 Berytios
1114 1583 1310 1642 commoratus,

131 1667 195 1702 cum
206 1647 315 1700 multos
328 1645 385 1699 fide
398 1645 557 1716 inpetrem,
571 1644 661 1699 filium
674 1652 703 1701 et
716 1645 847 1716 spiritum
860 1651 989 1700 sanctum
1001 1649 1234 1710 consummasset,
1244 1661 1309 1698 nee·

130 1734 187 1770 non
198 1713 390 1784 baptizasset,
403 1731 459 1766 uno
472 1713 703 1794 expresbyteris,
717 1715 765 1785 qui
778 1731 841 1768 eum
855 1714 1061 1784 sequebantur,
1074 1712 1145 1784 ipsis
1158 1713 1188 1766 in
1201 1711 1310 1783 episco-

131 1802 199 1854 pum
214 1781 374 1836 constituto
387 1781 417 1834 in
428 1780 553 1852 Byblum
566 1781 646 1835 abrit.

199 1865 282 1918 LIX.
314 1865 383 1930 Qua
409 1871 559 1936 postquam
579 1865 757 1934 pervenisset
777 1871 935 1937 comperto,
957 1865 1033 1937 quod
1053 1865 1150 1921 Simon
1171 1864 1309 1936 Tripolim

130 1939 280 2000 evaserat,
309 1933 370 2014 ipse
392 1932 477 1987 breve
503 1939 615 2013 tempus
636 1935 712 2004 apud
733 1951 781 1988 eos
800 1941 1002 2001 commoratus,
1026 1934 1188 2015 curatisque
1212 1932 1311 1986 multis

130 2002 222 2082 Bybli
235 2001 340 2055 incohs
353 2018 387 2054 ac
401 2000 530 2054 doctrina
541 2000 660 2070 pretatis
673 2001 715 2056 eis
728 2001 849 2069 tradita,
868 2001 1007 2073 Tripolim
1016 2020 1074 2124 Iper
1085 2001 1210 2074 vestrgia
1222 2000 1310 2055 Simo·

129 2089 174 2124 ms
192 2069 339 2140 processit
356 2074 451 2122 certus
468 2085 532 2122 eum
552 2069 679 2138 insequi,
703 2087 760 2124 uon
776 2069 905 2124 subterfu
927 2087 981 2125 ere.
1041 2088 1102 2125 orro
1125 2088 1188 2125 cum
1208 2069 1310 2123 Petrus

130 2136 275 2208 Tripolim
293 2136 502 2208 ingrederetur,
519 2137 602 2189 multi
615 2153 724 2204 eorum,
743 2137 791 2208 qui
805 2089 935 2192 discendi
947 2137 1107 2209 cupidiores
1121 2143 1215 2203 erant,
1233 2137 1310 2207 Tyro

129 2205 239 2260 Sidone
252 2204 362 2274 Beryto
375 2221 409 2257 ac
421 2203 516 2274 Byblo
530 2210 743 2258 concurrerunt:
758 2223 791 2260 ex
805 2205 868 2274 ipsa
881 2206 967 2261 etiam
979 2207 1100 2261 maxime
1119 2206 1237 2260 civitate
1250 2205 1310 2275 ple-

128 2273 211 2353 rique
225 2288 325 2326 omnes
338 2269 497 2325 confluxere
512 2271 653 2325 desiderio
666 2273 783 2328 videndi
794 2273 918 2327 Petrum.
943 2273 1064 2338 Quidam
1077 2279 1171 2328 autem
1183 2273 1310 2338 fratrum,

129 2357 178 2410 qm
192 2339 274 2394 stab
287 2355 321 2392 eo
333 2338 483 2409 praemissi
495 2337 621 2406 fuerant,
640 2341 809 2396 enarrabant
826 2341 909 2395 nobis
922 2347 1053 2396 accurate
1071 2347 1130 2394 turn
1149 2347 1255 2395 statum
1266 2357 1310 2392 ur·

128 2407 186 2476 bis,
199 2413 264 2461 tum
276 2405 400 2461 Simonis
412 2412 509 2478 gesta,
528 2412 557 2461 11
576 2407 752 2478 excipientes
769 2426 821 2462 nos
839 2407 869 2460 in
881 2409 993 2463 domum
1005 2408 1148 2463 Marconis
1161 2408 1308 2462 duxerunt.

200 2491 266 2544 LX.
294 2491 397 2545 Petrus
409 2508 475 2545 vero
488 2490 544 2545 iam
556 2491 631 2546 fores
643 2491 762 2562 hospitii
774 2498 890 2558 tenens,
904 2509 1056 2545 conversus
1074 2490 1204 2561 promisit
1216 2489 1311 2543 multi-

128 2559 241 2626 tudini,
262 2577 324 2614 cras
343 2575 373 2612 se
392 2558 426 2612 de
440 2559 497 2612 Dei
516 2559 596 2612 cultu
612 2559 699 2614 verba
717 2559 865 2614 facturum.
901 2557 944 2613 Ac
956 2564 1106 2629 postquam
1123 2557 1243 2624 introiit,
1255 2575 1312 2611 non

128 2628 209 2699 prius
227 2644 259 2681 se
276 2625 428 2747 quicquam
446 2625 504 2681 cibi
523 2644 585 2680 esse
598 2633 797 2698 percepturum
810 2624 971 2693 affimavit,
986 2643 1069 2696 quam
1082 2642 1130 2679 eos
1146 2625 1195 2696 qui
1208 2642 1308 2704 conve-

128 2701 235 2750 nerant
246 2711 278 2748 11
292 2699 406 2748 ecrsset.
442 2694 532 2749 Nobis
545 2700 641 2749 autem
652 2694 905 2766 respondentibus,
919 2694 994 2765 quod
1011 2711 1059 2748 eos
1072 2710 1169 2747 omnes
1183 2693 1311 2746 studiose

130 2779 262 2817 essemus
273 2761 417 2828 refecturi,
430 2762 532 2816 Petrus
545 2762 645 2816 audita
660 2780 691 2817 re
709 2769 739 2818 et
750 2763 875 2818 laudatis
892 2781 925 2817 ae
938 2761 1099 2817 benedictis
1112 2760 1194 2816 nobis
1208 2761 1310 2829 exivit3

130 2846 254 2900 eumque
272 2828 393 2908 lavisset
411 2829 441 2884 in
458 2829 527 2885 mari
546 2848 580 2884 ac
597 2830 743 2913 ingressus
762 2836 839 2886 esset
850 2836 1008 2903 posteaque
1026 2830 1120 2886 eibum
1134 2829 1310 2902 sumpsisset,

131 2903 221 2954 nocte
234 2896 407 2952 adveniente
421 2915 517 2952 somno
531 2915 561 2952 se
576 2898 663 2954 dedit.

130 3170 270 3222 unusOod.
286 3173 393 3252 apfcot.
412 3171 524 3222 Subinde
542 3172 703 3238 (1111111111-
798 3176 856 3241 Cap.
869 3175 938 3225 LIX.
974 3173 1000 3238 1)
1020 3176 1164 3241 ΒίβλωΒ,
1184 3192 1309 3227 111111-

132 3240 208 3320 brum
222 3239 293 3322 appi
302 3256 342 3318 usp
353 3240 385 3290 λέ
403 3257 424 3290 ω
440 3240 508 3318 11111..
526 3241 589 3290 Tum
606 3241 703 3305 corrige
745 3247 852 3304 rectura,
865 3243 958 3308 Βίβλῳ
971 3243 1003 3292 al.
1016 3258 1055 3308 ap.
1069 3244 1121 3324 (lot.
1133 3270 1166 3278 —
1175 3239 1203 3309 ⁶2)
1216 3241 1311 3299 αὐὼΐς

132 3319 375 3441 lttflssttltt
389 3304 702 3434 tiiilfflniffiie‘ill
746 3306 1310 3439 1·11111111111111

131 3444 235 3516 τρέψαι
252 3442 303 3492 01).
745 3444 789 3493 ubi
801 3435 912 3505 Βύβλου
924 3441 980 3502 fuit,
993 3441 1100 3506 Βίβλου
1111 3441 1187 3488 Hom.
1201 3442 1271 3502 VIII,
1285 3440 1311 3502 1,
1405 3459 1424 3476 ν

186 3510 249 3576 Cap.
267 3509 362 3560 LVIH.
400 3504 427 3577 1)
438 3509 481 3559 Sic
492 3510 575 3572 ecl),
589 3512 665 3560 Turn.
678 3517 703 3562 st
745 3513 768 3561 V
782 3515 880 3560 nostrae
891 3508 959 3574 Epit.
973 3512 998 3557 et
1006 3508 1038 3558 sl.
1048 3523 1088 3574 ap.
1099 3507 1152 3556 Cot.
1164 3535 1198 3542 -
1208 3507 1233 3571 t)
1243 3513 1311 3572 βου-

131 3577 197 3639 cot,
227 3593 303 3642 quam
322 3576 456 3627 lectionem
481 3577 545 3628 cler.
571 3578 599 3628 in
620 3579 657 3627 cd.
679 3595 700 3628 a.
745 3572 860 3648 λόμενοι
879 3577 985 3646 πέτρον
1002 3575 1054 3626 inv.
1068 3578 1097 3625 Β.
1115 3601 1149 3612 -
1167 3573 1192 3640 l)
1212 3577 1311 3626 Nomen

131 3639 701 3697 17141111111111111111111111111
745 3651 783 3696 est
804 3644 935 3711 Syriacum
961 3647 999 3695 sat
1020 3649 1120 3706 notum,
1143 3645 1184 3694 rel
1208 3647 1311 3712 propter

132 3705 367 3775 ὑποπληξᾶντων.
388 3739 423 3748 -
438 3708 466 3778 2)
483 3714 529 3764 καλ
549 3713 624 3762 Hom.
643 3713 701 3775 VII,
744 3714 895 3764 Monachum
916 3712 989 3762 illum
1006 3712 1058 3761 sive
1076 3712 1153 3775 male,
1177 3713 1229 3764 sive
1245 3718 1311 3763 recte

130 3775 165 3828 10
183 3783 209 3828 11
225 3783 313 3828 nostra
329 3779 408 3860 Epit,
426 3777 486 3830 ελτα
502 3780 548 3830 καὶ
564 3780 611 3830 OD
628 3783 653 3829 et
669 3781 700 3830 al.
744 3781 901 3842 sentientem,
914 3796 928 3829 a
941 3796 990 3844 quo
1000 3780 1062 3829 dieti
1072 3783 1216 3830 Maronitas.
1233 3782 1270 3832 De
1282 3797 1311 3830 eo

131 3862 172 3913 ap.
187 3845 244 3896 (iot.
260 3871 295 3882 —
311 3841 339 3912 3)
352 3841 479 3914 ομιλήτω
497 3847 529 3896 11.
547 3863 587 3914 ap.
601 3847 654 3898 Cot.
667 3875 702 3884 —
744 3849 876 3909 Eutychiae
889 3849 1040 3907 Batricr'des,
1059 3849 1102 3913 qui
1118 3849 1310 3899 Monothelitam

130 3909 156 3974 4)
177 3909 250 3984 μηθ’
267 3913 344 3964 BCD
362 3918 387 3964 st
404 3914 436 3964 al.
455 3930 494 3994 ep.
514 3914 582 3976 (lot,
603 3915 702 3966 favente
744 3916 822 3967 tuisse
835 3915 900 3977 vult,
913 3930 928 3963 a
941 3930 990 3979 quo
1001 3916 1152 3966 recentiores
1170 3916 1309 3966 Maronitas

130 3981 207 4030 Hom.
220 3981 238 4030 l.
251 3995 272 4030 c.
289 3985 315 4030 et
331 3986 417 4031 nostra
428 3983 499 4047 Eprt.
516 4009 551 4019 ·-
566 3979 594 4042 5)
607 3978 704 4042 αὐτοῖς
746 3982 904 4033 dissentiunt.
921 3984 982 4032 Olor.

130 4047 229 4098 inserui
241 4063 263 4097 e.
276 4047 349 4098 BGD.
367 4077 401 4084 —
418 4045 444 4112 6)
457 4045 615 4108 ἀπεδίωξαν
624 4051 655 4100 D.
667 4078 702 4088 —
797 4051 856 4115 Cap.
870 4050 925 4100 LX.
952 4046 977 4114 1)
989 4051 1036 4101 καὶ
1047 4065 1095 4098 orn.
1108 4051 1136 4097 Β.
1150 4074 1185 4082 -
1196 4046 1221 4107 2)
1234 4042 1309 4114 πρό-

132 4113 158 4179 7)
173 4129 253 4173 τινας
264 4131 313 4164 om.
325 4117 356 4166 D.
376 4143 411 4153 -
425 4113 452 4180 8)
468 4112 518 4168 τὸν
536 4119 643 4185 πατέρα
654 4119 716 4170 01)-
746 4133 827 4190 τερον
840 4114 893 4184 ἔφη
906 4134 955 4167 orn.
968 4118 1000 4166 D.
1012 4144 1046 4152 -
1057 4111 1083 4178 3)
1095 4115 1137 4164 Sic
1150 4114 1229 4177 BOD,
1241 4117 1308 4179 vulg.

131 4187 257 4232 stnostrs
272 4183 344 4249 Epit.
365 4211 400 4221 -
423 4181 449 4248 9)
468 4185 573 4250 Βίβλον
590 4188 625 4248 Β,
644 4205 653 4234 r.
673 4203 702 4236 ex
745 4190 770 4234 et
789 4189 877 4234 nostra
896 4184 979 4250 Epit,
1012 4175 1238 4251 διανεπαύσαμεν
1260 4183 1311 4248 legi

132 4253 289 4312 correctura,
312 4253 419 4316 Βίβλον
436 4253 511 4302 Hom.
530 4253 595 4316 VH,
614 4247 659 4315 12,
678 4253 701 4304 V
745 4257 838 4318 queat,
857 4257 885 4301 ut
909 4250 1032 4300 Gotelerio
1052 4249 1164 4312 videtur,
1188 4265 1217 4300 ex
1234 4251 1310 4302 Hom.

131 4323 235 4369 nostras
246 4319 318 4386 Epit.
332 4319 401 4369 etsl.
413 4335 453 4386 up¹
467 4319 521 4371 Cot.
745 4319 817 4378 VIII,
831 4315 848 4366 2
861 4323 886 4368 11
897 4319 957 4368 Rec.
970 4313 996 4380 4,
1009 4317 1034 4369 2.
