<?xml version="1.0" encoding="UTF-8"?>
<!DOCTYPE html PUBLIC "-//W3C//DTD XHTML 1.0 Transitional//EN"
    "http://www.w3.org/TR/xhtml1/DTD/xhtml1-transitional.dtd">
<html xmlns="http://www.w3.org/1999/xhtml" xml:lang="en" lang="en">
 <head>
  <title>
</title>
<meta http-equiv="Content-Type" content="text/html;charset=utf-8" />
  <meta name='ocr-system' content='tesseract 3.04.00' />
  <meta name='ocr-capabilities' content='ocr_page ocr_carea ocr_par ocr_line ocrx_word'/>
</head>
<body>
  <div class='ocr_page' id='page_1' title='image "./clementinorumep00dresgoog_0315.png"; bbox 0 0 3162 4900; ppageno 0'>
   <div class='ocr_carea' id='block_1_1' title="bbox 245 341 1118 406">
    <p class='ocr_par' dir='ltr' id='par_1_1' title="bbox 245 341 1118 406">
     <span class='ocr_line' id='line_1_1' title="bbox 245 341 1118 406; baseline -0.001 -1"><span class='ocrx_word' id='word_1_1' title='bbox 245 341 309 405; x_wconf 86' lang='grc'><strong>294</strong></span> <span class='ocrx_word' id='word_1_2' title='bbox 555 357 585 406; x_wconf 84' lang='lat' dir='ltr'><strong>r.</strong></span> <span class='ocrx_word' id='word_1_3' title='bbox 598 355 799 406; x_wconf 71' lang='lat' dir='ltr'><strong>umentem</strong></span> <span class='ocrx_word' id='word_1_4' title='bbox 811 357 999 406; x_wconf 68' lang='lat' dir='ltr'><strong>roborare.</strong></span> <span class='ocrx_word' id='word_1_5' title='bbox 1013 357 1118 406; x_wconf 74' lang='lat' dir='ltr'><strong>carra.</strong></span> 
     </span>
    </p>
   </div>
   <div class='ocr_carea' id='block_1_2' title="bbox 246 501 1437 1452">
    <p class='ocr_par' dir='ltr' id='par_1_2' title="bbox 248 501 1427 784">
     <span class='ocr_line' id='line_1_2' title="bbox 248 501 1426 585; baseline -0.003 -26"><span class='ocrx_word' id='word_1_6' title='bbox 248 503 417 585; x_wconf 85' lang='lat' dir='ltr'><strong>scripturam</strong></span> <span class='ocrx_word' id='word_1_7' title='bbox 449 519 534 574; x_wconf 89' lang='lat' dir='ltr'><strong>quam</strong></span> <span class='ocrx_word' id='word_1_8' title='bbox 551 505 766 573; x_wconf 86' lang='lat' dir='ltr'><strong>interpretatur:</strong></span> <span class='ocrx_word' id='word_1_9' title='bbox 790 520 865 570; x_wconf 79' lang='lat' dir='ltr'><strong>„non</strong></span> <span class='ocrx_word' id='word_1_10' title='bbox 884 503 932 557; x_wconf 91' lang='lat' dir='ltr'><strong>hic</strong></span> <span class='ocrx_word' id='word_1_11' title='bbox 948 501 1186 559; x_wconf 87' lang='lat' dir='ltr'><strong>velistehom0.“</strong></span> <span class='ocrx_word' id='word_1_12' title='bbox 1213 503 1352 573; x_wconf 84' lang='lat' dir='ltr'>Equidem</span> <span class='ocrx_word' id='word_1_13' title='bbox 1366 519 1426 556; x_wconf 91' lang='lat' dir='ltr'><strong>non</strong></span> 
     </span>
     <span class='ocr_line' id='line_1_3' title="bbox 248 545 1427 650; baseline -0.003 -24"><span class='ocrx_word' id='word_1_14' title='bbox 248 573 363 638; x_wconf 81' lang='lat' dir='ltr'><strong>dubito,</strong></span> <span class='ocrx_word' id='word_1_15' title='bbox 383 545 450 642; x_wconf 75' lang='lat' dir='ltr'><strong>quin</strong></span> <span class='ocrx_word' id='word_1_16' title='bbox 463 577 584 650; x_wconf 76' lang='lat' dir='ltr'><strong>utraque</strong></span> <span class='ocrx_word' id='word_1_17' title='bbox 601 571 688 624; x_wconf 88' lang='lat' dir='ltr'><strong>lectio</strong></span> <span class='ocrx_word' id='word_1_18' title='bbox 705 577 839 640; x_wconf 87' lang='lat' dir='ltr'><strong>corrupta</strong></span> <span class='ocrx_word' id='word_1_19' title='bbox 856 571 901 638; x_wconf 82' lang='lat' dir='ltr'><strong>sit,</strong></span> <span class='ocrx_word' id='word_1_20' title='bbox 922 571 964 625; x_wconf 88' lang='lat' dir='ltr'><strong>ita</strong></span> <span class='ocrx_word' id='word_1_21' title='bbox 975 577 1086 636; x_wconf 88' lang='lat' dir='ltr'><strong>tamen,</strong></span> <span class='ocrx_word' id='word_1_22' title='bbox 1099 576 1131 624; x_wconf 93' lang='lat' dir='ltr'><strong>nt</strong></span> <span class='ocrx_word' id='word_1_23' title='bbox 1144 587 1190 634; x_wconf 88' lang='lat' dir='ltr'><strong>ea,</strong></span> <span class='ocrx_word' id='word_1_24' title='bbox 1212 586 1301 649; x_wconf 45' lang='lat' dir='ltr'><strong>quam·</strong></span> <span class='ocrx_word' id='word_1_25' title='bbox 1331 576 1427 623; x_wconf 89' lang='lat' dir='ltr'><strong>raeter</strong></span> 
     </span>
     <span class='ocr_line' id='line_1_4' title="bbox 248 587 1427 716; baseline -0.003 -22"><span class='ocrx_word' id='word_1_26' title='bbox 248 641 323 710; x_wconf 84' lang='lat' dir='ltr'><strong>Epit.</strong></span> <span class='ocrx_word' id='word_1_27' title='bbox 337 639 425 694; x_wconf 80' lang='lat' dir='ltr'><strong>libros</strong></span> <span class='ocrx_word' id='word_1_28' title='bbox 436 655 521 694; x_wconf 85' lang='lat' dir='ltr'><strong>mser.</strong></span> <span class='ocrx_word' id='word_1_29' title='bbox 531 645 618 693; x_wconf 83' lang='lat' dir='ltr'><strong>etiam</strong></span> <span class='ocrx_word' id='word_1_30' title='bbox 629 639 712 692; x_wconf 91' lang='lat' dir='ltr'><strong>Hom.</strong></span> <span class='ocrx_word' id='word_1_31' title='bbox 726 637 788 692; x_wconf 89' lang='lat' dir='ltr'><strong>eod.</strong></span> <span class='ocrx_word' id='word_1_32' title='bbox 801 637 823 692; x_wconf 87' lang='lat' dir='ltr'>C</span> <span class='ocrx_word' id='word_1_33' title='bbox 837 639 968 705; x_wconf 85' lang='lat' dir='ltr'><strong>servavit,</strong></span> <span class='ocrx_word' id='word_1_34' title='bbox 979 639 1095 708; x_wconf 92' lang='lat' dir='ltr'><strong>propius</strong></span> <span class='ocrx_word' id='word_1_35' title='bbox 1111 639 1233 693; x_wconf 82' lang='lat' dir='ltr'>accedat</span> <span class='ocrx_word' id='word_1_36' title='bbox 1242 638 1278 690; x_wconf 91' lang='lat' dir='ltr'><strong>ad</strong></span> <span class='ocrx_word' id='word_1_37' title='bbox 1294 587 1331 706; x_wconf 75' lang='grc' dir='ltr'><strong>ιδ,</strong></span> <span class='ocrx_word' id='word_1_38' title='bbox 1346 639 1427 716; x_wconf 92' lang='lat' dir='ltr'><strong>quod</strong></span> 
     </span>
     <span class='ocr_line' id='line_1_5' title="bbox 269 703 1427 784; baseline -0.003 -23"><span class='ocrx_word' id='word_1_39' title='bbox 269 707 402 761; x_wconf 86' lang='lat' dir='ltr'><strong>enuinum</strong></span> <span class='ocrx_word' id='word_1_40' title='bbox 427 712 479 760; x_wconf 87' lang='lat' dir='ltr'><strong>est.</strong></span> <span class='ocrx_word' id='word_1_41' title='bbox 514 703 715 780; x_wconf 79' lang='lat' dir='ltr'><strong>Contenderim</strong></span> <span class='ocrx_word' id='word_1_42' title='bbox 737 713 832 760; x_wconf 88' lang='lat' dir='ltr'><strong>autem</strong></span> <span class='ocrx_word' id='word_1_43' title='bbox 878 706 960 760; x_wconf 88' lang='lat' dir='ltr'><strong>novis</strong></span> <span class='ocrx_word' id='word_1_44' title='bbox 986 705 1120 777; x_wconf 85' lang='lat' dir='ltr'><strong>pignore,</strong></span> <span class='ocrx_word' id='word_1_45' title='bbox 1143 705 1275 784; x_wconf 81' lang='lat' dir='ltr'><strong>primitqe</strong></span> <span class='ocrx_word' id='word_1_46' title='bbox 1299 711 1427 776; x_wconf 83' lang='lat' dir='ltr'><strong>positum</strong></span> 
     </span>
    </p>

    <p class='ocr_par' dir='ltr' id='par_1_3' title="bbox 246 724 1437 1452">
     <span class='ocr_line' id='line_1_6' title="bbox 282 724 1426 853; baseline 0 -25"><span class='ocrx_word' id='word_1_47' title='bbox 282 775 351 829; x_wconf 68' lang='lat' dir='ltr'><strong>sse:</strong></span> <span class='ocrx_word' id='word_1_48' title='bbox 367 805 402 815; x_wconf 91' lang='lat'><strong>—</strong></span> <span class='ocrx_word' id='word_1_49' title='bbox 420 774 500 846; x_wconf 84' lang='grc' dir='ltr'><strong><em>ούχί</em></strong></span> <span class='ocrx_word' id='word_1_50' title='bbox 516 795 566 852; x_wconf 74' lang='grc' dir='ltr'><strong><em>τις</em></strong></span> <span class='ocrx_word' id='word_1_51' title='bbox 583 781 612 828; x_wconf 82' lang='grc' dir='ltr'><strong>εἰ</strong></span> <span class='ocrx_word' id='word_1_52' title='bbox 619 797 632 836; x_wconf 86' lang='grc' dir='ltr'><strong><em>ς</em></strong></span> <span class='ocrx_word' id='word_1_53' title='bbox 651 774 812 846; x_wconf 72' lang='grc' dir='ltr'><strong><em>ἅνθρωπος.</em></strong></span> <span class='ocrx_word' id='word_1_54' title='bbox 824 724 904 853; x_wconf 40' lang='grc' dir='ltr'><strong>ἡδ’.</strong></span> <span class='ocrx_word' id='word_1_55' title='bbox 918 776 949 826; x_wconf 96' lang='grc'><strong>11</strong></span> <span class='ocrx_word' id='word_1_56' title='bbox 962 791 998 827; x_wconf 92' lang='lat' dir='ltr'><strong>ne</strong></span> <span class='ocrx_word' id='word_1_57' title='bbox 1021 790 1056 827; x_wconf 92' lang='lat' dir='ltr'><strong>ue</strong></span> <span class='ocrx_word' id='word_1_58' title='bbox 1067 791 1195 844; x_wconf 85' lang='lat' dir='ltr'><strong>egorcee</strong></span> <span class='ocrx_word' id='word_1_59' title='bbox 1218 790 1287 826; x_wconf 86' lang='lat' dir='ltr'><strong>erun</strong></span> <span class='ocrx_word' id='word_1_60' title='bbox 1300 779 1426 846; x_wconf 74' lang='grc' dir='ltr'><strong><em>παρέχει,</em></strong></span> 
     </span>
     <span class='ocr_line' id='line_1_7' title="bbox 250 790 1427 914; baseline -0.002 -19"><span class='ocrx_word' id='word_1_61' title='bbox 250 859 324 914; x_wconf 88' lang='lat' dir='ltr'><strong>qnae</strong></span> <span class='ocrx_word' id='word_1_62' title='bbox 338 842 417 896; x_wconf 86' lang='lat' dir='ltr'><strong>varia</strong></span> <span class='ocrx_word' id='word_1_63' title='bbox 430 849 474 896; x_wconf 88' lang='lat' dir='ltr'><strong>est</strong></span> <span class='ocrx_word' id='word_1_64' title='bbox 487 841 573 895; x_wconf 80' lang='lat' dir='ltr'><strong>lectio</strong></span> <span class='ocrx_word' id='word_1_65' title='bbox 587 841 615 894; x_wconf 93' lang='lat' dir='ltr'><strong>in</strong></span> <span class='ocrx_word' id='word_1_66' title='bbox 628 841 772 896; x_wconf 80' lang='lat' dir='ltr'>nonnullis</span> <span class='ocrx_word' id='word_1_67' title='bbox 791 842 871 896; x_wconf 80' lang='lat' dir='ltr'><strong>libris</strong></span> <span class='ocrx_word' id='word_1_68' title='bbox 888 859 971 894; x_wconf 88' lang='lat' dir='ltr'><strong>mser.</strong></span> <span class='ocrx_word' id='word_1_69' title='bbox 990 793 1065 910; x_wconf 63' lang='lat' dir='ltr'><strong>Vpit.</strong></span> <span class='ocrx_word' id='word_1_70' title='bbox 1079 843 1164 910; x_wconf 88' lang='lat' dir='ltr'><strong>prior.</strong></span> <span class='ocrx_word' id='word_1_71' title='bbox 1178 790 1215 895; x_wconf 72' lang='lat' dir='ltr'><strong>Cp</strong></span> <span class='ocrx_word' id='word_1_72' title='bbox 1224 839 1325 894; x_wconf 84' lang='lat' dir='ltr'>XCIV.</span> <span class='ocrx_word' id='word_1_73' title='bbox 1363 842 1427 895; x_wconf 87' lang='lat' dir='ltr'><strong>Nec</strong></span> 
     </span>
     <span class='ocr_line' id='line_1_8' title="bbox 248 909 1426 1030; baseline -0.001 -66"><span class='ocrx_word' id='word_1_74' title='bbox 248 919 343 992; x_wconf 82' lang='lat' dir='ltr'><strong>tamen</strong></span> <span class='ocrx_word' id='word_1_75' title='bbox 356 909 585 1029; x_wconf 48' lang='grc' dir='ltr'><strong>οτοξίδεῖιτέιὶρὶὲιρ</strong></span> <span class='ocrx_word' id='word_1_76' title='bbox 598 909 779 1030; x_wconf 60' lang='grc' dir='ltr'><strong><em>ρρμλίοἰρίιιιρ</em></strong></span> <span class='ocrx_word' id='word_1_77' title='bbox 794 915 924 983; x_wconf 75' lang='grc' dir='ltr'><strong><em>παρέχων</em></strong></span> <span class='ocrx_word' id='word_1_78' title='bbox 932 917 1034 1030; x_wconf 59' lang='grc' dir='ltr'><strong><em>ιμιέαῗε</em></strong></span> <span class='ocrx_word' id='word_1_79' title='bbox 1053 909 1252 1029; x_wconf 55' lang='lat' dir='ltr'><strong>sqrppleqqlulmt</strong></span> <span class='ocrx_word' id='word_1_80' title='bbox 1262 925 1325 962; x_wconf 92' lang='lat' dir='ltr'><strong>esse</strong></span> <span class='ocrx_word' id='word_1_81' title='bbox 1337 911 1426 1029; x_wconf 66' lang='lat' dir='ltr'><strong>lquv,</strong></span> 
     </span>
     <span class='ocr_line' id='line_1_9' title="bbox 246 993 1428 1122; baseline 0 -25"><span class='ocrx_word' id='word_1_82' title='bbox 246 993 789 1122; x_wconf 63' lang='lat' dir='ltr'><strong>tlt..{tll.......;..t⁰.tlltlll</strong></span> <span class='ocrx_word' id='word_1_83' title='bbox 800 993 1428 1114; x_wconf 51' lang='lat' dir='ltr'><strong>alterautra..tritaet</strong></span> 
     </span>
     <span class='ocr_line' id='line_1_10' title="bbox 247 1109 1427 1189; baseline 0 -23"><span class='ocrx_word' id='word_1_84' title='bbox 247 1117 272 1166; x_wconf 80' lang='grc' dir='ltr'><strong>ελ</strong></span> <span class='ocrx_word' id='word_1_85' title='bbox 285 1114 315 1166; x_wconf 80' lang='grc' dir='ltr'><strong>δὲ</strong></span> <span class='ocrx_word' id='word_1_86' title='bbox 328 1111 463 1164; x_wconf 86' lang='lat' dir='ltr'><strong>facillrme</strong></span> <span class='ocrx_word' id='word_1_87' title='bbox 475 1116 569 1189; x_wconf 80' lang='lat' dir='ltr'><strong>potuit</strong></span> <span class='ocrx_word' id='word_1_88' title='bbox 581 1109 652 1164; x_wconf 91' lang='lat' dir='ltr'><strong>fieri.</strong></span> <span class='ocrx_word' id='word_1_89' title='bbox 665 1143 699 1152; x_wconf 93' lang='lat'>-</span> <span class='ocrx_word' id='word_1_90' title='bbox 715 1111 750 1165; x_wconf 88' lang='lat' dir='ltr'><strong>V.</strong></span> <span class='ocrx_word' id='word_1_91' title='bbox 765 1111 798 1164; x_wconf 88' lang='grc'><strong>14</strong></span> <span class='ocrx_word' id='word_1_92' title='bbox 810 1111 915 1166; x_wconf 92' lang='lat' dir='ltr'><strong>nollem</strong></span> <span class='ocrx_word' id='word_1_93' title='bbox 930 1112 1080 1180; x_wconf 88' lang='lat' dir='ltr'><strong>seriptum:</strong></span> <span class='ocrx_word' id='word_1_94' title='bbox 1097 1116 1207 1184; x_wconf 77' lang='grc' dir='ltr'><em>μέλλων</em></span> <span class='ocrx_word' id='word_1_95' title='bbox 1224 1115 1294 1166; x_wconf 81' lang='grc' dir='ltr'><strong><em>ποτὲ</em></strong></span> <span class='ocrx_word' id='word_1_96' title='bbox 1311 1133 1327 1166; x_wconf 84' lang='grc' dir='ltr'><strong><em>α</em></strong></span> <span class='ocrx_word' id='word_1_97' title='bbox 1346 1119 1427 1168; x_wconf 82' lang='grc' dir='ltr'><strong><em>ίνειν.</em></strong></span> 
     </span>
     <span class='ocr_line' id='line_1_11' title="bbox 247 1134 1437 1258; baseline 0.001 -27"><span class='ocrx_word' id='word_1_98' title='bbox 247 1179 452 1256; x_wconf 76' lang='lat' dir='ltr'><strong>Praeterquam</strong></span> <span class='ocrx_word' id='word_1_99' title='bbox 466 1193 539 1231; x_wconf 82' lang='lat' dir='ltr'><strong>enim</strong></span> <span class='ocrx_word' id='word_1_100' title='bbox 553 1179 630 1258; x_wconf 70' lang='lat' dir='ltr'><strong>qpod</strong></span> <span class='ocrx_word' id='word_1_101' title='bbox 643 1182 714 1234; x_wconf 79' lang='grc' dir='ltr'><strong><em>ποτὲ</em></strong></span> <span class='ocrx_word' id='word_1_102' title='bbox 726 1177 947 1250; x_wconf 81' lang='lat' dir='ltr'><strong>haudquaquam</strong></span> <span class='ocrx_word' id='word_1_103' title='bbox 962 1182 1048 1234; x_wconf 88' lang='lat' dir='ltr'><strong>estin</strong></span> <span class='ocrx_word' id='word_1_104' title='bbox 1060 1179 1135 1247; x_wconf 86' lang='lat' dir='ltr'><strong>Epit.</strong></span> <span class='ocrx_word' id='word_1_105' title='bbox 1174 1179 1257 1232; x_wconf 87' lang='lat' dir='ltr'><strong>rioris</strong></span> <span class='ocrx_word' id='word_1_106' title='bbox 1272 1134 1360 1248; x_wconf 79' lang='lat' dir='ltr'><strong>CXV,</strong></span> <span class='ocrx_word' id='word_1_107' title='bbox 1374 1180 1437 1234; x_wconf 85' lang='lat' dir='ltr'><strong>ubi·</strong></span> 
     </span>
     <span class='ocr_line' id='line_1_12' title="bbox 269 1195 1428 1320; baseline 0 -20"><span class='ocrx_word' id='word_1_108' title='bbox 269 1248 345 1301; x_wconf 85' lang='lat' dir='ltr'><strong>otins</strong></span> <span class='ocrx_word' id='word_1_109' title='bbox 364 1251 500 1315; x_wconf 78' lang='lat' dir='ltr'><strong>eruptum</strong></span> <span class='ocrx_word' id='word_1_110' title='bbox 522 1247 549 1299; x_wconf 93' lang='lat' dir='ltr'><strong>le</strong></span> <span class='ocrx_word' id='word_1_111' title='bbox 571 1263 659 1299; x_wconf 86' lang='lat' dir='ltr'><strong>rmus:</strong></span> <span class='ocrx_word' id='word_1_112' title='bbox 680 1245 744 1301; x_wconf 84' lang='grc' dir='ltr'><strong><em>τότε</em></strong></span> <span class='ocrx_word' id='word_1_113' title='bbox 760 1252 871 1320; x_wconf 72' lang='grc' dir='ltr'><strong><em>μέλλων</em></strong></span> <span class='ocrx_word' id='word_1_114' title='bbox 885 1254 1004 1318; x_wconf 79' lang='grc' dir='ltr'><strong><em>κρίνειν,</em></strong></span> <span class='ocrx_word' id='word_1_115' title='bbox 1026 1253 1053 1300; x_wconf 89' lang='lat' dir='ltr'><strong>et</strong></span> <span class='ocrx_word' id='word_1_116' title='bbox 1072 1195 1277 1302; x_wconf 60' lang='lat' dir='ltr'><strong>ferebabatur</strong></span> <span class='ocrx_word' id='word_1_117' title='bbox 1296 1251 1382 1301; x_wconf 88' lang='lat' dir='ltr'><strong>etiam</strong></span> <span class='ocrx_word' id='word_1_118' title='bbox 1395 1249 1428 1300; x_wconf 94' lang='lat' dir='ltr'><strong>in</strong></span> 
     </span>
     <span class='ocr_line' id='line_1_13' title="bbox 247 1265 1428 1384; baseline 0.001 -16"><span class='ocrx_word' id='word_1_119' title='bbox 247 1265 323 1383; x_wconf 59' lang='lat' dir='ltr'><strong>Epir.</strong></span> <span class='ocrx_word' id='word_1_120' title='bbox 336 1313 454 1367; x_wconf 85' lang='lat' dir='ltr'><strong>alterius</strong></span> <span class='ocrx_word' id='word_1_121' title='bbox 467 1311 498 1367; x_wconf 82' lang='lat'><strong>0.</strong></span> <span class='ocrx_word' id='word_1_122' title='bbox 510 1312 563 1368; x_wconf 83' lang='lat' dir='ltr'><strong>XC</strong></span> <span class='ocrx_word' id='word_1_123' title='bbox 599 1353 604 1375; x_wconf 88' lang='grc'><strong>,</strong></span> <span class='ocrx_word' id='word_1_124' title='bbox 622 1313 672 1366; x_wconf 89' lang='lat' dir='ltr'><strong>ubi</strong></span> <span class='ocrx_word' id='word_1_125' title='bbox 690 1313 842 1368; x_wconf 87' lang='lat' dir='ltr'><strong>verborum</strong></span> <span class='ocrx_word' id='word_1_126' title='bbox 856 1315 931 1368; x_wconf 91' lang='lat' dir='ltr'><strong>idem</strong></span> <span class='ocrx_word' id='word_1_127' title='bbox 946 1323 989 1368; x_wconf 89' lang='lat' dir='ltr'><strong>est</strong></span> <span class='ocrx_word' id='word_1_128' title='bbox 1002 1317 1087 1382; x_wconf 87' lang='lat' dir='ltr'><strong>ordo,</strong></span> <span class='ocrx_word' id='word_1_129' title='bbox 1107 1316 1154 1384; x_wconf 92' lang='lat' dir='ltr'><strong>qui</strong></span> <span class='ocrx_word' id='word_1_130' title='bbox 1170 1315 1198 1368; x_wconf 92' lang='lat' dir='ltr'><strong>in</strong></span> <span class='ocrx_word' id='word_1_131' title='bbox 1212 1315 1356 1381; x_wconf 90' lang='lat' dir='ltr'><strong>Homiliis,</strong></span> <span class='ocrx_word' id='word_1_132' title='bbox 1376 1317 1428 1368; x_wconf 88' lang='lat' dir='ltr'><strong>ad-</strong></span> 
     </span>
     <span class='ocr_line' id='line_1_14' title="bbox 249 1380 1429 1452; baseline 0.002 -18"><span class='ocrx_word' id='word_1_133' title='bbox 249 1381 375 1436; x_wconf 89' lang='lat' dir='ltr'><strong>verbium</strong></span> <span class='ocrx_word' id='word_1_134' title='bbox 390 1380 454 1436; x_wconf 82' lang='grc' dir='ltr'><strong><em>τότε</em></strong></span> <span class='ocrx_word' id='word_1_135' title='bbox 467 1381 652 1451; x_wconf 79' lang='lat' dir='ltr'><strong>exquisitiore</strong></span> <span class='ocrx_word' id='word_1_136' title='bbox 665 1399 718 1434; x_wconf 89' lang='lat' dir='ltr'><strong>usu</strong></span> <span class='ocrx_word' id='word_1_137' title='bbox 727 1399 931 1452; x_wconf 87' lang='lat' dir='ltr'><strong>nonnunquam</strong></span> <span class='ocrx_word' id='word_1_138' title='bbox 940 1382 1094 1436; x_wconf 79' lang='lat' dir='ltr'><strong>adhibetur</strong></span> <span class='ocrx_word' id='word_1_139' title='bbox 1105 1382 1146 1435; x_wconf 88' lang='lat' dir='ltr'><strong>ita</strong></span> <span class='ocrx_word' id='word_1_140' title='bbox 1156 1389 1187 1435; x_wconf 90' lang='lat' dir='ltr'><strong>ut</strong></span> <span class='ocrx_word' id='word_1_141' title='bbox 1200 1383 1251 1435; x_wconf 86' lang='lat' dir='ltr'><strong>sit:</strong></span> <span class='ocrx_word' id='word_1_142' title='bbox 1265 1383 1332 1448; x_wconf 90' lang='lat' dir='ltr'><strong>„ubi</strong></span> <span class='ocrx_word' id='word_1_143' title='bbox 1345 1382 1429 1448; x_wconf 88' lang='lat' dir='ltr'><strong>fient,</strong></span> 
     </span>
    </p>
   </div>
   <div class='ocr_carea' id='block_1_3' title="bbox 138 1448 1429 1520">
    <p class='ocr_par' dir='ltr' id='par_1_4' title="bbox 138 1448 1429 1520">
     <span class='ocr_line' id='line_1_15' title="bbox 138 1448 1429 1520; baseline 0.002 -17"><span class='ocrx_word' id='word_1_144' title='bbox 138 1510 144 1519; x_wconf 39' lang='lat'>¹</span> <span class='ocrx_word' id='word_1_145' title='bbox 250 1451 285 1503; x_wconf 90' lang='lat' dir='ltr'><strong>dc</strong></span> <span class='ocrx_word' id='word_1_146' title='bbox 308 1450 413 1520; x_wconf 90' lang='lat' dir='ltr'><strong>quibus</strong></span> <span class='ocrx_word' id='word_1_147' title='bbox 435 1449 539 1502; x_wconf 89' lang='lat' dir='ltr'><strong>dicitur</strong></span> <span class='ocrx_word' id='word_1_148' title='bbox 560 1451 605 1502; x_wconf 84' lang='lat' dir='ltr'><strong>rel</strong></span> <span class='ocrx_word' id='word_1_149' title='bbox 628 1449 735 1502; x_wconf 90' lang='lat' dir='ltr'><strong>dictum</strong></span> <span class='ocrx_word' id='word_1_150' title='bbox 756 1453 832 1518; x_wconf 82' lang='lat' dir='ltr'><strong>est“;</strong></span> <span class='ocrx_word' id='word_1_151' title='bbox 864 1449 915 1503; x_wconf 84' lang='lat' dir='ltr'><strong>cfr.</strong></span> <span class='ocrx_word' id='word_1_152' title='bbox 939 1449 1090 1503; x_wconf 83' lang='lat' dir='ltr'><strong>Fritaschii</strong></span> <span class='ocrx_word' id='word_1_153' title='bbox 1113 1448 1305 1502; x_wconf 71' lang='lat' dir='ltr'><strong>commentar.</strong></span> <span class='ocrx_word' id='word_1_154' title='bbox 1331 1451 1361 1503; x_wconf 93' lang='lat' dir='ltr'><strong>in</strong></span> <span class='ocrx_word' id='word_1_155' title='bbox 1383 1451 1429 1506; x_wconf 90' lang='lat' dir='ltr'><strong>IV</strong></span> 
     </span>
    </p>
   </div>
   <div class='ocr_carea' id='block_1_4' title="bbox 248 1515 1432 4428">
    <p class='ocr_par' dir='ltr' id='par_1_5' title="bbox 248 1515 1427 1927">
     <span class='ocr_line' id='line_1_16' title="bbox 248 1515 1427 1588; baseline 0.002 -18"><span class='ocrx_word' id='word_1_156' title='bbox 248 1517 357 1588; x_wconf 83' lang='lat' dir='ltr'><strong>Evang.</strong></span> <span class='ocrx_word' id='word_1_157' title='bbox 374 1517 397 1586; x_wconf 90' lang='grc' dir='ltr'><strong>Ι,</strong></span> <span class='ocrx_word' id='word_1_158' title='bbox 415 1534 442 1585; x_wconf 91' lang='lat' dir='ltr'><strong>p.</strong></span> <span class='ocrx_word' id='word_1_159' title='bbox 462 1516 521 1569; x_wconf 85' lang='grc'><strong>431.</strong></span> <span class='ocrx_word' id='word_1_160' title='bbox 538 1516 593 1569; x_wconf 82' lang='lat'><strong>143.</strong></span> <span class='ocrx_word' id='word_1_161' title='bbox 609 1547 644 1556; x_wconf 91' lang='lat'><em>-</em></span> <span class='ocrx_word' id='word_1_162' title='bbox 663 1515 698 1571; x_wconf 93' lang='lat' dir='ltr'><strong>V.</strong></span> <span class='ocrx_word' id='word_1_163' title='bbox 716 1517 748 1570; x_wconf 85' lang='lat'><strong>16</strong></span> <span class='ocrx_word' id='word_1_164' title='bbox 767 1517 908 1570; x_wconf 87' lang='lat' dir='ltr'><strong>servanda</strong></span> <span class='ocrx_word' id='word_1_165' title='bbox 925 1523 986 1571; x_wconf 87' lang='lat' dir='ltr'><strong>erat</strong></span> <span class='ocrx_word' id='word_1_166' title='bbox 1004 1517 1111 1570; x_wconf 84' lang='lat' dir='ltr'><strong>codicis</strong></span> <span class='ocrx_word' id='word_1_167' title='bbox 1125 1515 1147 1570; x_wconf 81' lang='lat' dir='ltr'>C</span> <span class='ocrx_word' id='word_1_168' title='bbox 1161 1519 1316 1586; x_wconf 87' lang='lat' dir='ltr'><strong>scriptura:</strong></span> <span class='ocrx_word' id='word_1_169' title='bbox 1330 1525 1427 1587; x_wconf 73' lang='grc' dir='ltr'><strong><em>κρίνει,</em></strong></span> 
     </span>
     <span class='ocr_line' id='line_1_17' title="bbox 250 1583 1427 1656; baseline 0.002 -19"><span class='ocrx_word' id='word_1_170' title='bbox 250 1601 324 1656; x_wconf 88' lang='lat' dir='ltr'><strong>quac</strong></span> <span class='ocrx_word' id='word_1_171' title='bbox 339 1591 383 1638; x_wconf 89' lang='lat' dir='ltr'><strong>est</strong></span> <span class='ocrx_word' id='word_1_172' title='bbox 396 1585 480 1638; x_wconf 88' lang='lat' dir='ltr'><strong>etiam</strong></span> <span class='ocrx_word' id='word_1_173' title='bbox 493 1584 522 1637; x_wconf 95' lang='lat' dir='ltr'><strong>in</strong></span> <span class='ocrx_word' id='word_1_174' title='bbox 536 1584 685 1654; x_wconf 89' lang='lat' dir='ltr'><strong>utriusque</strong></span> <span class='ocrx_word' id='word_1_175' title='bbox 697 1583 774 1654; x_wconf 83' lang='lat' dir='ltr'><strong>Epit.</strong></span> <span class='ocrx_word' id='word_1_176' title='bbox 788 1583 817 1638; x_wconf 79' lang='lat' dir='ltr'><strong>O.</strong></span> <span class='ocrx_word' id='word_1_177' title='bbox 831 1583 918 1638; x_wconf 80' lang='lat' dir='ltr'><strong>XCV.</strong></span> <span class='ocrx_word' id='word_1_178' title='bbox 939 1615 968 1625; x_wconf 93' lang='lat'>-</span> <span class='ocrx_word' id='word_1_179' title='bbox 983 1583 1018 1640; x_wconf 93' lang='lat' dir='ltr'><strong>V.</strong></span> <span class='ocrx_word' id='word_1_180' title='bbox 1033 1585 1064 1636; x_wconf 95' lang='grc'><strong>17</strong></span> <span class='ocrx_word' id='word_1_181' title='bbox 1077 1585 1151 1638; x_wconf 90' lang='lat' dir='ltr'><strong>bene</strong></span> <span class='ocrx_word' id='word_1_182' title='bbox 1165 1585 1236 1639; x_wconf 89' lang='lat' dir='ltr'><strong>fecit</strong></span> <span class='ocrx_word' id='word_1_183' title='bbox 1248 1586 1427 1655; x_wconf 85' lang='lat' dir='ltr'><strong>Dresselius‚</strong></span> 
     </span>
     <span class='ocr_line' id='line_1_18' title="bbox 248 1652 1427 1724; baseline 0.002 -20"><span class='ocrx_word' id='word_1_184' title='bbox 248 1653 326 1722; x_wconf 90' lang='lat' dir='ltr'><strong>quod</strong></span> <span class='ocrx_word' id='word_1_185' title='bbox 338 1669 394 1705; x_wconf 91' lang='lat' dir='ltr'><strong>non</strong></span> <span class='ocrx_word' id='word_1_186' title='bbox 407 1652 537 1719; x_wconf 82' lang='lat' dir='ltr'>scripsit:</span> <span class='ocrx_word' id='word_1_187' title='bbox 551 1660 720 1724; x_wconf 79' lang='grc' dir='ltr'><strong><em>τιμωρεῖται.</em></strong></span> <span class='ocrx_word' id='word_1_188' title='bbox 750 1652 853 1705; x_wconf 88' lang='lat' dir='ltr'><strong>Activo</strong></span> <span class='ocrx_word' id='word_1_189' title='bbox 870 1652 961 1706; x_wconf 91' lang='lat' dir='ltr'><strong>utitur</strong></span> <span class='ocrx_word' id='word_1_190' title='bbox 981 1652 1170 1706; x_wconf 88' lang='lat' dir='ltr'><strong>Homiliarum</strong></span> <span class='ocrx_word' id='word_1_191' title='bbox 1192 1654 1316 1720; x_wconf 74' lang='lat' dir='ltr'>scriptor</span> <span class='ocrx_word' id='word_1_192' title='bbox 1337 1654 1427 1708; x_wconf 89' lang='lat' dir='ltr'><strong>etiam</strong></span> 
     </span>
     <span class='ocr_line' id='line_1_19' title="bbox 270 1719 1425 1790; baseline 0.003 -19"><span class='ocrx_word' id='word_1_193' title='bbox 270 1719 870 1789; x_wconf 69' lang='grc' dir='ltr'><strong>ειιιΙΙο1ο1εαν.18υι1.,ρ.275,16,277,Ιὸ</strong></span> <span class='ocrx_word' id='word_1_194' title='bbox 892 1725 921 1774; x_wconf 88' lang='lat' dir='ltr'><strong>et</strong></span> <span class='ocrx_word' id='word_1_195' title='bbox 946 1721 979 1772; x_wconf 84' lang='lat'><strong>16</strong></span> <span class='ocrx_word' id='word_1_196' title='bbox 1004 1719 1092 1787; x_wconf 67' lang='lat' dir='ltr'><strong>alae</strong></span> <span class='ocrx_word' id='word_1_197' title='bbox 1114 1727 1143 1773; x_wconf 90' lang='lat' dir='ltr'><strong>et</strong></span> <span class='ocrx_word' id='word_1_198' title='bbox 1163 1719 1242 1790; x_wconf 89' lang='lat' dir='ltr'><strong>8sq.‚</strong></span> <span class='ocrx_word' id='word_1_199' title='bbox 1255 1720 1388 1783; x_wconf 61' lang='lat' dir='ltr'><strong>aram</strong></span> <span class='ocrx_word' id='word_1_200' title='bbox 1400 1723 1425 1775; x_wconf 88' lang='grc'><strong>6.</strong></span> 
     </span>
     <span class='ocr_line' id='line_1_20' title="bbox 280 1759 1425 1866; baseline 0.005 -27"><span class='ocrx_word' id='word_1_201' title='bbox 280 1787 363 1840; x_wconf 87' lang='lat' dir='ltr'><strong>ellem</strong></span> <span class='ocrx_word' id='word_1_202' title='bbox 376 1791 471 1839; x_wconf 84' lang='lat' dir='ltr'><strong>autem</strong></span> <span class='ocrx_word' id='word_1_203' title='bbox 489 1802 583 1857; x_wconf 91' lang='lat' dir='ltr'><strong>neque</strong></span> <span class='ocrx_word' id='word_1_204' title='bbox 602 1788 630 1840; x_wconf 92' lang='lat' dir='ltr'><strong>in</strong></span> <span class='ocrx_word' id='word_1_205' title='bbox 645 1787 719 1856; x_wconf 83' lang='lat' dir='ltr'><strong>Epit.</strong></span> <span class='ocrx_word' id='word_1_206' title='bbox 736 1787 854 1866; x_wconf 80' lang='lat' dir='ltr'><strong>alterius</strong></span> <span class='ocrx_word' id='word_1_207' title='bbox 868 1787 898 1842; x_wconf 87' lang='lat' dir='ltr'><strong>C.</strong></span> <span class='ocrx_word' id='word_1_208' title='bbox 912 1759 1006 1840; x_wconf 79' lang='lat' dir='ltr'><strong>CXVI</strong></span> <span class='ocrx_word' id='word_1_209' title='bbox 1019 1787 1180 1841; x_wconf 77' lang='lat' dir='ltr'><strong>admisisset</strong></span> <span class='ocrx_word' id='word_1_210' title='bbox 1198 1789 1322 1841; x_wconf 88' lang='lat' dir='ltr'><strong>medium</strong></span> <span class='ocrx_word' id='word_1_211' title='bbox 1336 1811 1425 1862; x_wconf 86' lang='grc' dir='ltr'><strong><em>τιμω-</em></strong></span> 
     </span>
     <span class='ocr_line' id='line_1_21' title="bbox 250 1855 1259 1927; baseline -0.001 -18"><span class='ocrx_word' id='word_1_212' title='bbox 250 1857 374 1927; x_wconf 84' lang='grc' dir='ltr'><strong><em>ροῦνται,</em></strong></span> <span class='ocrx_word' id='word_1_213' title='bbox 408 1870 474 1906; x_wconf 89' lang='lat' dir='ltr'><strong>num</strong></span> <span class='ocrx_word' id='word_1_214' title='bbox 488 1855 655 1922; x_wconf 85' lang='lat' dir='ltr'><strong>praesertim</strong></span> <span class='ocrx_word' id='word_1_215' title='bbox 668 1869 794 1922; x_wconf 81' lang='lat' dir='ltr'><strong>proxime</strong></span> <span class='ocrx_word' id='word_1_216' title='bbox 808 1861 945 1924; x_wconf 88' lang='lat' dir='ltr'><strong>sequatur</strong></span> <span class='ocrx_word' id='word_1_217' title='bbox 957 1856 1081 1908; x_wconf 89' lang='lat' dir='ltr'><strong>activum</strong></span> <span class='ocrx_word' id='word_1_218' title='bbox 1094 1877 1118 1910; x_wconf 86' lang='grc' dir='ltr'><strong><em>τι</em></strong></span> <span class='ocrx_word' id='word_1_219' title='bbox 1145 1858 1259 1924; x_wconf 85' lang='grc' dir='ltr'><strong><em>ωρούσι.</em></strong></span> 
     </span>
    </p>

    <p class='ocr_par' dir='ltr' id='par_1_6' title="bbox 249 1873 1428 2180">
     <span class='ocr_line' id='line_1_22' title="bbox 320 1873 1427 1994; baseline 0.003 -20"><span class='ocrx_word' id='word_1_220' title='bbox 320 1921 351 1974; x_wconf 91' lang='grc' dir='ltr'><strong>Ρ.</strong></span> <span class='ocrx_word' id='word_1_221' title='bbox 363 1873 421 1982; x_wconf 59' lang='lat' dir='ltr'><strong>tib,</strong></span> <span class='ocrx_word' id='word_1_222' title='bbox 435 1923 449 1976; x_wconf 93' lang='grc'><strong>7</strong></span> <span class='ocrx_word' id='word_1_223' title='bbox 464 1921 594 1974; x_wconf 68' lang='grc' dir='ltr'><strong><em>διελήλατο</em></strong></span> <span class='ocrx_word' id='word_1_224' title='bbox 608 1923 687 1988; x_wconf 89' lang='lat' dir='ltr'><strong>licet,</strong></span> <span class='ocrx_word' id='word_1_225' title='bbox 704 1927 798 1974; x_wconf 89' lang='lat' dir='ltr'><strong>utrum</strong></span> <span class='ocrx_word' id='word_1_226' title='bbox 812 1922 950 1975; x_wconf 87' lang='lat' dir='ltr'><strong>intactum</strong></span> <span class='ocrx_word' id='word_1_227' title='bbox 963 1923 1110 1994; x_wconf 84' lang='lat' dir='ltr'><strong>relinquen</strong></span> <span class='ocrx_word' id='word_1_228' title='bbox 1133 1941 1179 1975; x_wconf 91' lang='lat' dir='ltr'><strong>um</strong></span> <span class='ocrx_word' id='word_1_229' title='bbox 1193 1925 1231 1975; x_wconf 90' lang='lat' dir='ltr'><strong>sit</strong></span> <span class='ocrx_word' id='word_1_230' title='bbox 1249 1925 1332 1988; x_wconf 83' lang='grc' dir='ltr'><strong><em>ἔνιοι,</em></strong></span> <span class='ocrx_word' id='word_1_231' title='bbox 1347 1925 1427 1994; x_wconf 91' lang='lat' dir='ltr'><strong>quod</strong></span> 
     </span>
     <span class='ocr_line' id='line_1_23' title="bbox 250 1987 1428 2062; baseline 0.003 -19"><span class='ocrx_word' id='word_1_232' title='bbox 250 1989 356 2060; x_wconf 86' lang='lat' dir='ltr'><strong>legitur</strong></span> <span class='ocrx_word' id='word_1_233' title='bbox 375 1989 460 2043; x_wconf 89' lang='lat' dir='ltr'><strong>etiam</strong></span> <span class='ocrx_word' id='word_1_234' title='bbox 482 1989 510 2042; x_wconf 91' lang='lat' dir='ltr'><strong>in</strong></span> <span class='ocrx_word' id='word_1_235' title='bbox 527 1989 604 2056; x_wconf 86' lang='lat' dir='ltr'><strong>Epit.</strong></span> <span class='ocrx_word' id='word_1_236' title='bbox 624 1988 741 2042; x_wconf 90' lang='lat' dir='ltr'><strong>alterius</strong></span> <span class='ocrx_word' id='word_1_237' title='bbox 760 1987 790 2042; x_wconf 78' lang='lat' dir='ltr'><strong>O.</strong></span> <span class='ocrx_word' id='word_1_238' title='bbox 803 1989 897 2056; x_wconf 83' lang='lat' dir='ltr'><strong>XCV,</strong></span> <span class='ocrx_word' id='word_1_239' title='bbox 919 1989 1163 2059; x_wconf 79' lang='lat' dir='ltr'><strong>approbandum:</strong></span> <span class='ocrx_word' id='word_1_240' title='bbox 1188 1993 1288 2056; x_wconf 71' lang='grc' dir='ltr'><strong>ἐνίοτε,</strong></span> <span class='ocrx_word' id='word_1_241' title='bbox 1307 1993 1384 2062; x_wconf 90' lang='lat' dir='ltr'><strong>quod</strong></span> <span class='ocrx_word' id='word_1_242' title='bbox 1397 1992 1428 2046; x_wconf 90' lang='lat' dir='ltr'><strong>in</strong></span> 
     </span>
     <span class='ocr_line' id='line_1_24' title="bbox 249 2053 1428 2128; baseline 0.002 -18"><span class='ocrx_word' id='word_1_243' title='bbox 249 2058 325 2126; x_wconf 86' lang='lat' dir='ltr'><strong>Epit.</strong></span> <span class='ocrx_word' id='word_1_244' title='bbox 338 2056 441 2126; x_wconf 87' lang='lat' dir='ltr'><strong>prioris</strong></span> <span class='ocrx_word' id='word_1_245' title='bbox 455 2053 486 2109; x_wconf 81' lang='lat' dir='ltr'><strong>O.</strong></span> <span class='ocrx_word' id='word_1_246' title='bbox 500 2056 581 2113; x_wconf 81' lang='lat' dir='ltr'><strong>XCV</strong></span> <span class='ocrx_word' id='word_1_247' title='bbox 599 2075 632 2112; x_wconf 88' lang='lat' dir='ltr'><strong>ex</strong></span> <span class='ocrx_word' id='word_1_248' title='bbox 650 2055 779 2125; x_wconf 87' lang='lat' dir='ltr'><strong>plurimis</strong></span> <span class='ocrx_word' id='word_1_249' title='bbox 795 2057 881 2114; x_wconf 88' lang='lat' dir='ltr'><strong>libris</strong></span> <span class='ocrx_word' id='word_1_250' title='bbox 895 2074 977 2112; x_wconf 90' lang='lat' dir='ltr'><strong>mscr.</strong></span> <span class='ocrx_word' id='word_1_251' title='bbox 991 2064 1137 2128; x_wconf 85' lang='lat' dir='ltr'><strong>receptum</strong></span> <span class='ocrx_word' id='word_1_252' title='bbox 1150 2059 1288 2111; x_wconf 84' lang='lat' dir='ltr'><strong>videmus.</strong></span> <span class='ocrx_word' id='word_1_253' title='bbox 1300 2089 1335 2099; x_wconf 76' lang='lat'><em>-</em></span> <span class='ocrx_word' id='word_1_254' title='bbox 1348 2061 1381 2114; x_wconf 93' lang='lat' dir='ltr'><strong>V.</strong></span> <span class='ocrx_word' id='word_1_255' title='bbox 1396 2060 1428 2112; x_wconf 87' lang='lat'><strong>14</strong></span> 
     </span>
     <span class='ocr_line' id='line_1_25' title="bbox 252 2124 940 2180; baseline 0.001 -1"><span class='ocrx_word' id='word_1_256' title='bbox 252 2124 440 2179; x_wconf 89' lang='lat' dir='ltr'><strong>omittendum</strong></span> <span class='ocrx_word' id='word_1_257' title='bbox 454 2130 516 2177; x_wconf 91' lang='lat' dir='ltr'><strong>erat</strong></span> <span class='ocrx_word' id='word_1_258' title='bbox 529 2127 581 2180; x_wconf 84' lang='grc' dir='ltr'><strong>νῦν</strong></span> <span class='ocrx_word' id='word_1_259' title='bbox 594 2124 750 2178; x_wconf 88' lang='lat' dir='ltr'><strong>seeundum</strong></span> <span class='ocrx_word' id='word_1_260' title='bbox 764 2124 893 2179; x_wconf 81' lang='lat' dir='ltr'><strong>codicem</strong></span> <span class='ocrx_word' id='word_1_261' title='bbox 908 2125 940 2180; x_wconf 90' lang='grc' dir='ltr'><strong>Ο.</strong></span> 
     </span>
    </p>

    <p class='ocr_par' dir='ltr' id='par_1_7' title="bbox 248 2191 1428 2734">
     <span class='ocr_line' id='line_1_26' title="bbox 317 2191 1427 2258; baseline 0.003 -13"><span class='ocrx_word' id='word_1_262' title='bbox 317 2192 348 2245; x_wconf 92' lang='grc' dir='ltr'><strong>Ρ.</strong></span> <span class='ocrx_word' id='word_1_263' title='bbox 360 2192 419 2258; x_wconf 81' lang='grc'><strong>276,</strong></span> <span class='ocrx_word' id='word_1_264' title='bbox 434 2194 446 2244; x_wconf 97' lang='lat' dir='ltr'><strong>l</strong></span> <span class='ocrx_word' id='word_1_265' title='bbox 459 2191 526 2244; x_wconf 91' lang='lat' dir='ltr'><strong>libri</strong></span> <span class='ocrx_word' id='word_1_266' title='bbox 559 2193 690 2246; x_wconf 84' lang='lat' dir='ltr'><strong>raebent:</strong></span> <span class='ocrx_word' id='word_1_267' title='bbox 710 2191 778 2247; x_wconf 79' lang='grc' dir='ltr'><strong><em>ποῖά</em></strong></span> <span class='ocrx_word' id='word_1_268' title='bbox 790 2194 867 2248; x_wconf 77' lang='grc' dir='ltr'><strong><em>ἐστιν</em></strong></span> <span class='ocrx_word' id='word_1_269' title='bbox 879 2192 966 2248; x_wconf 79' lang='grc' dir='ltr'><strong><em>αὐτοῦ</em></strong></span> <span class='ocrx_word' id='word_1_270' title='bbox 982 2193 1053 2256; x_wconf 77' lang='grc' dir='ltr'><strong><em>ἴδια,</em></strong></span> <span class='ocrx_word' id='word_1_271' title='bbox 1067 2201 1137 2248; x_wconf 82' lang='grc' dir='ltr'><strong><em>ποῖα</em></strong></span> <span class='ocrx_word' id='word_1_272' title='bbox 1150 2195 1181 2248; x_wconf 77' lang='grc' dir='ltr'><strong>δὲ</strong></span> <span class='ocrx_word' id='word_1_273' title='bbox 1194 2193 1244 2247; x_wconf 81' lang='grc' dir='ltr'><strong>οὐκ</strong></span> <span class='ocrx_word' id='word_1_274' title='bbox 1261 2191 1305 2256; x_wconf 75' lang='grc' dir='ltr'><strong>’ν,</strong></span> <span class='ocrx_word' id='word_1_275' title='bbox 1326 2201 1427 2248; x_wconf 83' lang='lat' dir='ltr'><strong>contra</strong></span> 
     </span>
     <span class='ocr_line' id='line_1_27' title="bbox 248 2257 1428 2330; baseline 0.003 -18"><span class='ocrx_word' id='word_1_276' title='bbox 248 2259 278 2312; x_wconf 92' lang='lat' dir='ltr'><strong>in</strong></span> <span class='ocrx_word' id='word_1_277' title='bbox 291 2260 367 2330; x_wconf 88' lang='lat' dir='ltr'><strong>Epit.</strong></span> <span class='ocrx_word' id='word_1_278' title='bbox 400 2257 526 2314; x_wconf 83' lang='lat' dir='ltr'><strong>ricrisO.</strong></span> <span class='ocrx_word' id='word_1_279' title='bbox 570 2257 1019 2329; x_wconf 66' lang='lat' dir='ltr'><strong>OV1:-0lxrrn,erinnpit.</strong></span> <span class='ocrx_word' id='word_1_280' title='bbox 1033 2261 1150 2314; x_wconf 89' lang='lat' dir='ltr'><strong>alterius</strong></span> <span class='ocrx_word' id='word_1_281' title='bbox 1164 2259 1259 2313; x_wconf 71' lang='lat' dir='ltr'><strong>dxc</strong></span> <span class='ocrx_word' id='word_1_282' title='bbox 1289 2263 1428 2317; x_wconf 77' lang='lat' dir='ltr'><strong>I:-0rix</strong></span> 
     </span>
     <span class='ocr_line' id='line_1_28' title="bbox 249 2325 1425 2398; baseline -0.002 -14"><span class='ocrx_word' id='word_1_283' title='bbox 249 2333 328 2384; x_wconf 74' lang='lat' dir='ltr'><strong>erola.</strong></span> <span class='ocrx_word' id='word_1_284' title='bbox 393 2345 430 2381; x_wconf 89' lang='lat' dir='ltr'><strong>on</strong></span> <span class='ocrx_word' id='word_1_285' title='bbox 441 2327 533 2382; x_wconf 86' lang='lat' dir='ltr'><strong>audeo</strong></span> <span class='ocrx_word' id='word_1_286' title='bbox 547 2333 659 2381; x_wconf 91' lang='lat' dir='ltr'><strong>tentare</strong></span> <span class='ocrx_word' id='word_1_287' title='bbox 672 2327 744 2381; x_wconf 91' lang='lat' dir='ltr'><strong>illud</strong></span> <span class='ocrx_word' id='word_1_288' title='bbox 757 2325 797 2397; x_wconf 76' lang='grc' dir='ltr'><strong>ἦν,</strong></span> <span class='ocrx_word' id='word_1_289' title='bbox 811 2333 841 2381; x_wconf 88' lang='lat' dir='ltr'><strong>at</strong></span> <span class='ocrx_word' id='word_1_290' title='bbox 852 2329 950 2382; x_wconf 88' lang='lat' dir='ltr'><strong>nescio</strong></span> <span class='ocrx_word' id='word_1_291' title='bbox 962 2345 999 2383; x_wconf 88' lang='lat' dir='ltr'><strong>en</strong></span> <span class='ocrx_word' id='word_1_292' title='bbox 1011 2345 1063 2398; x_wconf 93' lang='lat' dir='ltr'><strong>pro</strong></span> <span class='ocrx_word' id='word_1_293' title='bbox 1074 2327 1130 2381; x_wconf 89' lang='lat' dir='ltr'><strong>boc</strong></span> <span class='ocrx_word' id='word_1_294' title='bbox 1143 2334 1216 2384; x_wconf 76' lang='grc' dir='ltr'><strong><em>εἰσὶν</em></strong></span> <span class='ocrx_word' id='word_1_295' title='bbox 1228 2329 1425 2398; x_wconf 88' lang='lat' dir='ltr'><strong>reponendum</strong></span> 
     </span>
     <span class='ocr_line' id='line_1_29' title="bbox 250 2395 1425 2467; baseline 0.003 -19"><span class='ocrx_word' id='word_1_296' title='bbox 250 2397 300 2449; x_wconf 88' lang='lat' dir='ltr'><strong>sit:</strong></span> <span class='ocrx_word' id='word_1_297' title='bbox 318 2397 404 2460; x_wconf 77' lang='grc' dir='ltr'><strong><em>ἔστι,</em></strong></span> <span class='ocrx_word' id='word_1_298' title='bbox 428 2395 558 2466; x_wconf 82' lang='lat' dir='ltr'><strong>quamvis</strong></span> <span class='ocrx_word' id='word_1_299' title='bbox 575 2395 666 2465; x_wconf 89' lang='lat' dir='ltr'><strong>probe</strong></span> <span class='ocrx_word' id='word_1_300' title='bbox 686 2413 793 2450; x_wconf 89' lang='lat' dir='ltr'><strong>memor</strong></span> <span class='ocrx_word' id='word_1_301' title='bbox 809 2395 862 2448; x_wconf 91' lang='lat' dir='ltr'><strong>sim</strong></span> <span class='ocrx_word' id='word_1_302' title='bbox 875 2412 987 2463; x_wconf 83' lang='lat' dir='ltr'><strong>eorum,</strong></span> <span class='ocrx_word' id='word_1_303' title='bbox 1005 2413 1078 2465; x_wconf 89' lang='lat' dir='ltr'><strong>quae</strong></span> <span class='ocrx_word' id='word_1_304' title='bbox 1092 2397 1235 2464; x_wconf 84' lang='lat' dir='ltr'><strong>disputavi</strong></span> <span class='ocrx_word' id='word_1_305' title='bbox 1248 2414 1333 2466; x_wconf 90' lang='lat' dir='ltr'><strong>supra</strong></span> <span class='ocrx_word' id='word_1_306' title='bbox 1345 2399 1382 2450; x_wconf 94' lang='lat' dir='ltr'><strong>ad</strong></span> <span class='ocrx_word' id='word_1_307' title='bbox 1396 2415 1425 2467; x_wconf 92' lang='lat' dir='ltr'><strong>p.</strong></span> 
     </span>
     <span class='ocr_line' id='line_1_30' title="bbox 249 2461 1423 2544; baseline 0.003 -28"><span class='ocrx_word' id='word_1_308' title='bbox 249 2465 307 2531; x_wconf 91' lang='grc'><strong>107,</strong></span> <span class='ocrx_word' id='word_1_309' title='bbox 319 2464 336 2516; x_wconf 87' lang='grc'>9</span> <span class='ocrx_word' id='word_1_310' title='bbox 349 2470 389 2543; x_wconf 41' lang='grc' dir='ltr'><strong>,σε</strong></span> <span class='ocrx_word' id='word_1_311' title='bbox 408 2463 495 2531; x_wconf 92' lang='grc'><strong>218,1</strong></span> <span class='ocrx_word' id='word_1_312' title='bbox 510 2480 551 2534; x_wconf 88' lang='lat' dir='ltr'><strong>sq.</strong></span> <span class='ocrx_word' id='word_1_313' title='bbox 569 2493 602 2543; x_wconf 50' lang='grc' dir='ltr'><strong>-τ</strong></span> <span class='ocrx_word' id='word_1_314' title='bbox 617 2463 652 2518; x_wconf 79' lang='lat' dir='ltr'><strong>V.</strong></span> <span class='ocrx_word' id='word_1_315' title='bbox 665 2465 701 2544; x_wconf 74' lang='grc' dir='ltr'><strong>Ιδ</strong></span> <span class='ocrx_word' id='word_1_316' title='bbox 710 2463 865 2543; x_wconf 79' lang='lat' dir='ltr'><strong>seeundum</strong></span> <span class='ocrx_word' id='word_1_317' title='bbox 880 2461 978 2544; x_wconf 52' lang='lat' dir='ltr'><strong>cod30</strong></span> <span class='ocrx_word' id='word_1_318' title='bbox 997 2463 1178 2544; x_wconf 79' lang='lat' dir='ltr'><strong>scribendum</strong></span> <span class='ocrx_word' id='word_1_319' title='bbox 1199 2469 1274 2517; x_wconf 89' lang='lat' dir='ltr'><strong>erat:</strong></span> <span class='ocrx_word' id='word_1_320' title='bbox 1288 2467 1348 2520; x_wconf 76' lang='grc' dir='ltr'><strong>ἐπεὶ</strong></span> <span class='ocrx_word' id='word_1_321' title='bbox 1362 2463 1423 2528; x_wconf 81' lang='grc' dir='ltr'><strong>οὖν,</strong></span> 
     </span>
     <span class='ocr_line' id='line_1_31' title="bbox 248 2529 1426 2679; baseline 0.003 -26"><span class='ocrx_word' id='word_1_322' title='bbox 248 2531 1096 2679; x_wconf 52' lang='grc' dir='ltr'><strong>λλλλξλλιλλ17271ιὲ1171,7111112212</strong></span> <span class='ocrx_word' id='word_1_323' title='bbox 1098 2529 1269 2654; x_wconf 53' lang='lat' dir='ltr'><strong>{1541}in</strong></span> <span class='ocrx_word' id='word_1_324' title='bbox 1280 2532 1426 2670; x_wconf 57' lang='lat' dir='ltr'><strong>{albii</strong></span> 
     </span>
     <span class='ocr_line' id='line_1_32' title="bbox 250 2666 785 2734; baseline 0.004 -16"><span class='ocrx_word' id='word_1_325' title='bbox 250 2666 308 2734; x_wconf 84' lang='lat'>180,</span> <span class='ocrx_word' id='word_1_326' title='bbox 321 2666 346 2732; x_wconf 79' lang='lat'><strong>5,</strong></span> <span class='ocrx_word' id='word_1_327' title='bbox 359 2666 409 2718; x_wconf 89' lang='lat' dir='ltr'><strong>ubr</strong></span> <span class='ocrx_word' id='word_1_328' title='bbox 423 2681 480 2719; x_wconf 92' lang='lat' dir='ltr'><strong>non</strong></span> <span class='ocrx_word' id='word_1_329' title='bbox 494 2673 652 2720; x_wconf 90' lang='lat' dir='ltr'><strong>correctum</strong></span> <span class='ocrx_word' id='word_1_330' title='bbox 667 2668 785 2720; x_wconf 83' lang='lat' dir='ltr'><strong>mireris.</strong></span> 
     </span>
    </p>

    <p class='ocr_par' dir='ltr' id='par_1_8' title="bbox 249 2731 1432 4070">
     <span class='ocr_line' id='line_1_33' title="bbox 316 2731 1426 2804; baseline 0.005 -20"><span class='ocrx_word' id='word_1_331' title='bbox 316 2733 348 2786; x_wconf 89' lang='lat' dir='ltr'><strong>P.</strong></span> <span class='ocrx_word' id='word_1_332' title='bbox 360 2732 418 2797; x_wconf 88' lang='grc'><strong>277,</strong></span> <span class='ocrx_word' id='word_1_333' title='bbox 431 2734 448 2787; x_wconf 89' lang='grc'><strong>3</strong></span> <span class='ocrx_word' id='word_1_334' title='bbox 465 2750 515 2786; x_wconf 88' lang='lat' dir='ltr'><strong>cur</strong></span> <span class='ocrx_word' id='word_1_335' title='bbox 526 2734 691 2789; x_wconf 89' lang='lat' dir='ltr'><strong>Dresselius</strong></span> <span class='ocrx_word' id='word_1_336' title='bbox 704 2734 873 2804; x_wconf 77' lang='lat' dir='ltr'><strong>scripturam</strong></span> <span class='ocrx_word' id='word_1_337' title='bbox 886 2734 994 2788; x_wconf 87' lang='lat' dir='ltr'><strong>codicis</strong></span> <span class='ocrx_word' id='word_1_338' title='bbox 1008 2731 1048 2787; x_wconf 83' lang='lat' dir='ltr'><strong>O:</strong></span> <span class='ocrx_word' id='word_1_339' title='bbox 1068 2732 1154 2797; x_wconf 71' lang='grc' dir='ltr'><strong>κανά,</strong></span> <span class='ocrx_word' id='word_1_340' title='bbox 1173 2734 1344 2802; x_wconf 89' lang='lat' dir='ltr'><strong>praetulerit</strong></span> <span class='ocrx_word' id='word_1_341' title='bbox 1357 2737 1426 2789; x_wconf 85' lang='lat' dir='ltr'><strong>scri-</strong></span> 
     </span>
     <span class='ocr_line' id='line_1_34' title="bbox 249 2800 1428 2871; baseline 0.003 -18"><span class='ocrx_word' id='word_1_342' title='bbox 249 2805 352 2870; x_wconf 89' lang='lat' dir='ltr'><strong>pturae</strong></span> <span class='ocrx_word' id='word_1_343' title='bbox 374 2801 482 2854; x_wconf 88' lang='lat' dir='ltr'><strong>codicis</strong></span> <span class='ocrx_word' id='word_1_344' title='bbox 501 2803 539 2855; x_wconf 88' lang='lat'><strong>0:</strong></span> <span class='ocrx_word' id='word_1_345' title='bbox 560 2802 644 2867; x_wconf 70' lang='lat' dir='ltr'><strong>raab,</strong></span> <span class='ocrx_word' id='word_1_346' title='bbox 663 2819 721 2856; x_wconf 92' lang='lat' dir='ltr'><strong>non</strong></span> <span class='ocrx_word' id='word_1_347' title='bbox 740 2810 853 2871; x_wconf 86' lang='lat' dir='ltr'><strong>exputo.</strong></span> <span class='ocrx_word' id='word_1_348' title='bbox 888 2801 983 2855; x_wconf 84' lang='lat' dir='ltr'><strong>Etiam</strong></span> <span class='ocrx_word' id='word_1_349' title='bbox 1000 2801 1029 2854; x_wconf 91' lang='lat' dir='ltr'><strong>in</strong></span> <span class='ocrx_word' id='word_1_350' title='bbox 1048 2801 1121 2870; x_wconf 83' lang='lat' dir='ltr'><strong>Epit.</strong></span> <span class='ocrx_word' id='word_1_351' title='bbox 1142 2801 1262 2855; x_wconf 89' lang='lat' dir='ltr'><strong>alterius</strong></span> <span class='ocrx_word' id='word_1_352' title='bbox 1281 2800 1312 2856; x_wconf 82' lang='lat' dir='ltr'><strong>O.</strong></span> <span class='ocrx_word' id='word_1_353' title='bbox 1330 2803 1428 2857; x_wconf 84' lang='lat' dir='ltr'>XCVI</span> 
     </span>
     <span class='ocr_line' id='line_1_35' title="bbox 249 2867 1428 2940; baseline 0.003 -18"><span class='ocrx_word' id='word_1_354' title='bbox 249 2870 403 2937; x_wconf 88' lang='lat' dir='ltr'><strong>reperitur:</strong></span> <span class='ocrx_word' id='word_1_355' title='bbox 425 2869 486 2926; x_wconf 71' lang='grc' dir='ltr'><strong>καθ’</strong></span> <span class='ocrx_word' id='word_1_356' title='bbox 502 2867 524 2924; x_wconf 83' lang='grc' dir='ltr'><strong>δ.</strong></span> <span class='ocrx_word' id='word_1_357' title='bbox 544 2899 578 2910; x_wconf 88' lang='lat'>-</span> <span class='ocrx_word' id='word_1_358' title='bbox 596 2871 630 2924; x_wconf 92' lang='lat' dir='ltr'><strong>V.</strong></span> <span class='ocrx_word' id='word_1_359' title='bbox 642 2869 660 2922; x_wconf 88' lang='lat'>4</span> <span class='ocrx_word' id='word_1_360' title='bbox 672 2887 705 2940; x_wconf 89' lang='lat' dir='ltr'><strong>sq</strong></span> <span class='ocrx_word' id='word_1_361' title='bbox 728 2912 733 2922; x_wconf 91' lang='lat'><strong>.</strong></span> <span class='ocrx_word' id='word_1_362' title='bbox 755 2885 829 2939; x_wconf 86' lang='lat' dir='ltr'><strong>quae</strong></span> <span class='ocrx_word' id='word_1_363' title='bbox 845 2876 913 2924; x_wconf 90' lang='lat' dir='ltr'><strong>sunt</strong></span> <span class='ocrx_word' id='word_1_364' title='bbox 929 2869 1028 2924; x_wconf 88' lang='lat' dir='ltr'><strong>verba:</strong></span> <span class='ocrx_word' id='word_1_365' title='bbox 1055 2871 1141 2925; x_wconf 73' lang='grc' dir='ltr'><strong><em>ἐλεεῖν</em></strong></span> <span class='ocrx_word' id='word_1_366' title='bbox 1158 2868 1374 2938; x_wconf 76' lang='grc' dir='ltr'><strong><em>συνεβούλευσεν</em></strong></span> <span class='ocrx_word' id='word_1_367' title='bbox 1391 2869 1428 2933; x_wconf 82' lang='grc' dir='ltr'><strong>ὡς</strong></span> 
     </span>
     <span class='ocr_line' id='line_1_36' title="bbox 251 2936 1428 3011; baseline 0.002 -21"><span class='ocrx_word' id='word_1_368' title='bbox 251 2941 471 3006; x_wconf 71' lang='grc' dir='ltr'><strong><em>φιλανθρωπίαν</em></strong></span> <span class='ocrx_word' id='word_1_369' title='bbox 482 2937 625 3000; x_wconf 81' lang='grc' dir='ltr'><strong><em>ἀσκοῦσιν,</em></strong></span> <span class='ocrx_word' id='word_1_370' title='bbox 638 2943 683 2990; x_wconf 81' lang='grc' dir='ltr'><strong>καὶ</strong></span> <span class='ocrx_word' id='word_1_371' title='bbox 696 2959 727 2992; x_wconf 84' lang='grc' dir='ltr'><strong>το</strong></span> <span class='ocrx_word' id='word_1_372' title='bbox 741 2936 811 2992; x_wconf 89' lang='grc' dir='ltr'><strong><em>ὅσον</em></strong></span> <span class='ocrx_word' id='word_1_373' title='bbox 823 2939 865 2992; x_wconf 75' lang='grc' dir='ltr'><strong>ἐπ’</strong></span> <span class='ocrx_word' id='word_1_374' title='bbox 879 2938 975 3000; x_wconf 79' lang='grc' dir='ltr'><strong><em>αὐτοῖς</em></strong></span> <span class='ocrx_word' id='word_1_375' title='bbox 987 2941 1071 3000; x_wconf 72' lang='grc' dir='ltr'><strong>ἐστίν,</strong></span> <span class='ocrx_word' id='word_1_376' title='bbox 1085 2937 1288 3011; x_wconf 69' lang='grc' dir='ltr'><strong><em>ἀδικουμένους</em></strong></span> <span class='ocrx_word' id='word_1_377' title='bbox 1297 2945 1342 2993; x_wconf 85' lang='grc' dir='ltr'><strong>καὶ</strong></span> <span class='ocrx_word' id='word_1_378' title='bbox 1352 2939 1428 2992; x_wconf 81' lang='grc' dir='ltr'><strong><em>οἰσο-</em></strong></span> 
     </span>
     <span class='ocr_line' id='line_1_37' title="bbox 251 3002 1429 3075; baseline 0 -16"><span class='ocrx_word' id='word_1_379' title='bbox 251 3002 327 3058; x_wconf 86' lang='grc' dir='ltr'><strong><em>λύειν</em></strong></span> <span class='ocrx_word' id='word_1_380' title='bbox 340 3009 387 3072; x_wconf 81' lang='grc' dir='ltr'><strong>τῆς</strong></span> <span class='ocrx_word' id='word_1_381' title='bbox 398 3007 514 3058; x_wconf 77' lang='grc' dir='ltr'><strong><em>καταδία</em></strong></span> <span class='ocrx_word' id='word_1_382' title='bbox 532 3026 545 3064; x_wconf 83' lang='grc' dir='ltr'><em>ς</em></span> <span class='ocrx_word' id='word_1_383' title='bbox 558 3002 623 3065; x_wconf 85' lang='grc' dir='ltr'><strong><em>τοὺς</em></strong></span> <span class='ocrx_word' id='word_1_384' title='bbox 638 3003 817 3068; x_wconf 83' lang='grc' dir='ltr'><strong><em>ἀδικοῦντας,</em></strong></span> <span class='ocrx_word' id='word_1_385' title='bbox 832 3007 1034 3059; x_wconf 87' lang='lat' dir='ltr'><strong>commutanda</strong></span> <span class='ocrx_word' id='word_1_386' title='bbox 1047 3021 1110 3058; x_wconf 89' lang='lat' dir='ltr'><strong>esse</strong></span> <span class='ocrx_word' id='word_1_387' title='bbox 1126 3022 1188 3058; x_wconf 87' lang='lat' dir='ltr'><strong>eum</strong></span> <span class='ocrx_word' id='word_1_388' title='bbox 1201 3005 1245 3066; x_wconf 87' lang='lat' dir='ltr'><strong>iis,</strong></span> <span class='ocrx_word' id='word_1_389' title='bbox 1260 3023 1335 3074; x_wconf 89' lang='lat' dir='ltr'><strong>quae</strong></span> <span class='ocrx_word' id='word_1_390' title='bbox 1347 3023 1429 3075; x_wconf 88' lang='lat' dir='ltr'><strong>repe-</strong></span> 
     </span>
     <span class='ocr_line' id='line_1_38' title="bbox 249 3027 1429 3138; baseline 0.005 -16"><span class='ocrx_word' id='word_1_391' title='bbox 249 3071 362 3124; x_wconf 90' lang='lat' dir='ltr'><strong>riuntur</strong></span> <span class='ocrx_word' id='word_1_392' title='bbox 374 3073 403 3122; x_wconf 94' lang='lat' dir='ltr'><strong>in</strong></span> <span class='ocrx_word' id='word_1_393' title='bbox 416 3069 493 3138; x_wconf 87' lang='lat' dir='ltr'><strong>Epit.</strong></span> <span class='ocrx_word' id='word_1_394' title='bbox 507 3027 623 3124; x_wconf 48' lang='lat' dir='ltr'><strong>a&#39;iterius</strong></span> <span class='ocrx_word' id='word_1_395' title='bbox 637 3069 666 3124; x_wconf 82' lang='lat' dir='ltr'><strong>C.</strong></span> <span class='ocrx_word' id='word_1_396' title='bbox 679 3069 788 3124; x_wconf 80' lang='lat' dir='ltr'><strong>XCVI:</strong></span> <span class='ocrx_word' id='word_1_397' title='bbox 807 3103 840 3111; x_wconf 97' lang='lat'><strong>—</strong></span> <span class='ocrx_word' id='word_1_398' title='bbox 856 3078 902 3127; x_wconf 85' lang='grc' dir='ltr'><strong>καλ</strong></span> <span class='ocrx_word' id='word_1_399' title='bbox 918 3073 950 3128; x_wconf 83' lang='grc' dir='ltr'><strong>τὸ</strong></span> <span class='ocrx_word' id='word_1_400' title='bbox 969 3072 1038 3129; x_wconf 83' lang='grc' dir='ltr'><strong><em>ὅσον</em></strong></span> <span class='ocrx_word' id='word_1_401' title='bbox 1056 3073 1099 3126; x_wconf 72' lang='grc' dir='ltr'><strong><em>ἐντ’</em></strong></span> <span class='ocrx_word' id='word_1_402' title='bbox 1112 3073 1207 3134; x_wconf 83' lang='grc' dir='ltr'><strong><em>αὐτοῖς</em></strong></span> <span class='ocrx_word' id='word_1_403' title='bbox 1219 3075 1280 3128; x_wconf 74' lang='grc' dir='ltr'><strong><em>ἐστὶ</em></strong></span> <span class='ocrx_word' id='word_1_404' title='bbox 1293 3083 1353 3134; x_wconf 82' lang='grc' dir='ltr'><strong><em>τοῖς</em></strong></span> <span class='ocrx_word' id='word_1_405' title='bbox 1364 3073 1429 3129; x_wconf 85' lang='grc' dir='ltr'><strong><em>ἀδι-</em></strong></span> 
     </span>
     <span class='ocr_line' id='line_1_39' title="bbox 251 3135 1428 3212; baseline 0.003 -20"><span class='ocrx_word' id='word_1_406' title='bbox 251 3142 407 3212; x_wconf 81' lang='grc' dir='ltr'><strong><em>κουμένοις,</em></strong></span> <span class='ocrx_word' id='word_1_407' title='bbox 416 3135 552 3192; x_wconf 81' lang='grc' dir='ltr'><strong><em>ἀπολύειν</em></strong></span> <span class='ocrx_word' id='word_1_408' title='bbox 562 3143 637 3206; x_wconf 85' lang='lat' dir='ltr'><strong>cett,</strong></span> <span class='ocrx_word' id='word_1_409' title='bbox 649 3139 832 3193; x_wconf 83' lang='lat' dir='ltr'><strong>contendenti</strong></span> <span class='ocrx_word' id='word_1_410' title='bbox 842 3141 990 3194; x_wconf 89' lang='lat' dir='ltr'><strong>Dresselio</strong></span> <span class='ocrx_word' id='word_1_411' title='bbox 998 3141 1027 3192; x_wconf 91' lang='lat' dir='ltr'><strong>in</strong></span> <span class='ocrx_word' id='word_1_412' title='bbox 1037 3143 1134 3194; x_wconf 85' lang='lat' dir='ltr'><strong>adnot.</strong></span> <span class='ocrx_word' id='word_1_413' title='bbox 1147 3143 1163 3194; x_wconf 90' lang='grc'><strong>9</strong></span> <span class='ocrx_word' id='word_1_414' title='bbox 1175 3141 1212 3194; x_wconf 85' lang='lat' dir='ltr'><strong>ad</strong></span> <span class='ocrx_word' id='word_1_415' title='bbox 1224 3140 1277 3208; x_wconf 83' lang='lat' dir='ltr'><strong>Ep.</strong></span> <span class='ocrx_word' id='word_1_416' title='bbox 1290 3143 1340 3194; x_wconf 87' lang='lat' dir='ltr'><strong>alt.</strong></span> <span class='ocrx_word' id='word_1_417' title='bbox 1353 3141 1383 3194; x_wconf 86' lang='lat' dir='ltr'><strong>C.</strong></span> <span class='ocrx_word' id='word_1_418' title='bbox 1396 3160 1428 3206; x_wconf 76' lang='lat' dir='ltr'><strong>a,</strong></span> 
     </span>
     <span class='ocr_line' id='line_1_40' title="bbox 250 3205 1430 3294; baseline 0.006 -36"><span class='ocrx_word' id='word_1_419' title='bbox 250 3205 472 3290; x_wconf 65' lang='lat' dir='ltr'><strong>hapdquaqupm</strong></span> <span class='ocrx_word' id='word_1_420' title='bbox 490 3205 659 3274; x_wconf 86' lang='lat' dir='ltr'><strong>adstipulor.</strong></span> <span class='ocrx_word' id='word_1_421' title='bbox 689 3205 729 3293; x_wconf 70' lang='lat' dir='ltr'><strong>At</strong></span> <span class='ocrx_word' id='word_1_422' title='bbox 744 3205 806 3290; x_wconf 70' lang='lat' dir='ltr'><strong>fieri</strong></span> <span class='ocrx_word' id='word_1_423' title='bbox 824 3213 921 3276; x_wconf 91' lang='lat' dir='ltr'><strong>potest</strong></span> <span class='ocrx_word' id='word_1_424' title='bbox 938 3213 970 3262; x_wconf 91' lang='lat' dir='ltr'><strong>ut</strong></span> <span class='ocrx_word' id='word_1_425' title='bbox 983 3209 1119 3294; x_wconf 78' lang='lat' dir='ltr'><strong>scriptum</strong></span> <span class='ocrx_word' id='word_1_426' title='bbox 1134 3207 1234 3261; x_wconf 90' lang='lat' dir='ltr'><strong>fuerit:</strong></span> <span class='ocrx_word' id='word_1_427' title='bbox 1247 3211 1333 3264; x_wconf 73' lang='grc' dir='ltr'><strong><em>ἐλεεῖν</em></strong></span> <span class='ocrx_word' id='word_1_428' title='bbox 1346 3227 1430 3265; x_wconf 87' lang='grc' dir='ltr'><strong><em>συνε-</em></strong></span> 
     </span>
     <span class='ocr_line' id='line_1_41' title="bbox 249 3277 1430 3412; baseline 0.001 -15"><span class='ocrx_word' id='word_1_429' title='bbox 249 3279 399 3398; x_wconf 69' lang='lat' dir='ltr'><strong>tlltl‘l</strong></span> <span class='ocrx_word' id='word_1_430' title='bbox 412 3277 916 3406; x_wconf 62' lang='lat' dir='ltr'><strong>lrt&#39;illll’ltll,“liliati</strong></span> <span class='ocrx_word' id='word_1_431' title='bbox 931 3278 1222 3398; x_wconf 53' lang='lat' dir='ltr'><strong>latialiter</strong></span> <span class='ocrx_word' id='word_1_432' title='bbox 1247 3282 1430 3412; x_wconf 49' lang='lat' dir='ltr'><strong>fiissf&#39;ile&#39;fiii</strong></span> 
     </span>
     <span class='ocr_line' id='line_1_42' title="bbox 252 3409 1430 3481; baseline 0.003 -19"><span class='ocrx_word' id='word_1_433' title='bbox 252 3409 431 3480; x_wconf 87' lang='lat' dir='ltr'><strong>Corrigenda</strong></span> <span class='ocrx_word' id='word_1_434' title='bbox 455 3427 518 3464; x_wconf 90' lang='lat' dir='ltr'><strong>esse</strong></span> <span class='ocrx_word' id='word_1_435' title='bbox 540 3410 625 3463; x_wconf 87' lang='lat' dir='ltr'><strong>etiam</strong></span> <span class='ocrx_word' id='word_1_436' title='bbox 646 3411 749 3463; x_wconf 87' lang='lat' dir='ltr'><strong>verba:</strong></span> <span class='ocrx_word' id='word_1_437' title='bbox 774 3410 806 3466; x_wconf 80' lang='grc' dir='ltr'><strong>τὸ</strong></span> <span class='ocrx_word' id='word_1_438' title='bbox 827 3410 897 3467; x_wconf 82' lang='grc' dir='ltr'><strong><em>ὅσον</em></strong></span> <span class='ocrx_word' id='word_1_439' title='bbox 921 3411 963 3464; x_wconf 74' lang='grc' dir='ltr'><strong>ἐπ’</strong></span> <span class='ocrx_word' id='word_1_440' title='bbox 986 3411 1082 3472; x_wconf 82' lang='grc' dir='ltr'><strong><em>αὐτοῖς</em></strong></span> <span class='ocrx_word' id='word_1_441' title='bbox 1105 3413 1177 3476; x_wconf 73' lang='grc' dir='ltr'><strong><em>ἐστί,</em></strong></span> <span class='ocrx_word' id='word_1_442' title='bbox 1198 3413 1258 3481; x_wconf 87' lang='lat' dir='ltr'><strong>jam</strong></span> <span class='ocrx_word' id='word_1_443' title='bbox 1282 3429 1370 3480; x_wconf 86' lang='lat' dir='ltr'><strong>supra</strong></span> <span class='ocrx_word' id='word_1_444' title='bbox 1392 3415 1430 3466; x_wconf 92' lang='lat' dir='ltr'><strong>ad</strong></span> 
     </span>
     <span class='ocr_line' id='line_1_43' title="bbox 251 3476 1430 3552; baseline 0.002 -23"><span class='ocrx_word' id='word_1_445' title='bbox 251 3495 278 3546; x_wconf 91' lang='lat' dir='ltr'><strong>p.</strong></span> <span class='ocrx_word' id='word_1_446' title='bbox 290 3479 348 3544; x_wconf 89' lang='grc'><strong>212,</strong></span> <span class='ocrx_word' id='word_1_447' title='bbox 362 3481 378 3533; x_wconf 94' lang='grc'><strong>7</strong></span> <span class='ocrx_word' id='word_1_448' title='bbox 393 3476 626 3547; x_wconf 82' lang='lat' dir='ltr'><strong>significavimus.</strong></span> <span class='ocrx_word' id='word_1_449' title='bbox 661 3477 692 3530; x_wconf 95' lang='grc' dir='ltr'><strong>Ρ.</strong></span> <span class='ocrx_word' id='word_1_450' title='bbox 704 3479 764 3546; x_wconf 83' lang='grc'><strong>225,</strong></span> <span class='ocrx_word' id='word_1_451' title='bbox 782 3478 816 3531; x_wconf 85' lang='grc'><strong>14</strong></span> <span class='ocrx_word' id='word_1_452' title='bbox 831 3479 877 3532; x_wconf 86' lang='lat' dir='ltr'><strong>bie</strong></span> <span class='ocrx_word' id='word_1_453' title='bbox 897 3479 957 3546; x_wconf 92' lang='lat' dir='ltr'><strong>ipse</strong></span> <span class='ocrx_word' id='word_1_454' title='bbox 976 3479 1099 3548; x_wconf 80' lang='lat' dir='ltr'><strong>scriptor</strong></span> <span class='ocrx_word' id='word_1_455' title='bbox 1116 3479 1225 3546; x_wconf 86' lang='lat' dir='ltr'><strong>posuit:</strong></span> <span class='ocrx_word' id='word_1_456' title='bbox 1243 3479 1313 3536; x_wconf 86' lang='grc' dir='ltr'><strong><em>ὅσον</em></strong></span> <span class='ocrx_word' id='word_1_457' title='bbox 1332 3479 1365 3533; x_wconf 87' lang='grc' dir='ltr'><strong>τὸ</strong></span> <span class='ocrx_word' id='word_1_458' title='bbox 1384 3483 1430 3552; x_wconf 69' lang='grc' dir='ltr'><strong>ἐφ’</strong></span> 
     </span>
     <span class='ocr_line' id='line_1_44' title="bbox 251 3545 1432 3618; baseline 0.004 -20"><span class='ocrx_word' id='word_1_459' title='bbox 251 3545 326 3617; x_wconf 78' lang='grc' dir='ltr'><strong><em>ἡμῖν.</em></strong></span> <span class='ocrx_word' id='word_1_460' title='bbox 338 3577 372 3584; x_wconf 93' lang='grc'>-</span> <span class='ocrx_word' id='word_1_461' title='bbox 389 3545 424 3600; x_wconf 90' lang='lat' dir='ltr'><strong>V.</strong></span> <span class='ocrx_word' id='word_1_462' title='bbox 438 3547 477 3610; x_wconf 89' lang='grc'><strong>12,</strong></span> <span class='ocrx_word' id='word_1_463' title='bbox 493 3563 580 3615; x_wconf 90' lang='lat' dir='ltr'><strong>quum</strong></span> <span class='ocrx_word' id='word_1_464' title='bbox 597 3545 694 3615; x_wconf 89' lang='lat' dir='ltr'><strong>paullo</strong></span> <span class='ocrx_word' id='word_1_465' title='bbox 708 3551 788 3613; x_wconf 87' lang='lat' dir='ltr'><strong>ante,</strong></span> <span class='ocrx_word' id='word_1_466' title='bbox 803 3565 826 3599; x_wconf 80' lang='lat' dir='ltr'><strong>v,</strong></span> <span class='ocrx_word' id='word_1_467' title='bbox 840 3546 856 3598; x_wconf 88' lang='lat'>8</span> <span class='ocrx_word' id='word_1_468' title='bbox 870 3563 911 3616; x_wconf 85' lang='lat' dir='ltr'><strong>sq.</strong></span> <span class='ocrx_word' id='word_1_469' title='bbox 925 3548 1053 3614; x_wconf 87' lang='lat' dir='ltr'><strong>legatur:</strong></span> <span class='ocrx_word' id='word_1_470' title='bbox 1071 3549 1123 3601; x_wconf 85' lang='grc' dir='ltr'><strong>τοῦ</strong></span> <span class='ocrx_word' id='word_1_471' title='bbox 1134 3545 1185 3618; x_wconf 76' lang='grc' dir='ltr'><strong>γὰρ</strong></span> <span class='ocrx_word' id='word_1_472' title='bbox 1200 3555 1304 3604; x_wconf 76' lang='grc' dir='ltr'><strong><em>παθεῖν</em></strong></span> <span class='ocrx_word' id='word_1_473' title='bbox 1318 3545 1432 3610; x_wconf 82' lang='grc' dir='ltr'><strong><em>ιιύιντως</em></strong></span> 
     </span>
     <span class='ocr_line' id='line_1_45' title="bbox 252 3613 1430 3689; baseline 0.003 -23"><span class='ocrx_word' id='word_1_474' title='bbox 252 3633 324 3684; x_wconf 84' lang='grc' dir='ltr'><strong><em>κεκρι</em></strong></span> <span class='ocrx_word' id='word_1_475' title='bbox 351 3613 743 3676; x_wconf 66' lang='lat' dir='ltr'><strong>recenserent-arefieret</strong></span> <span class='ocrx_word' id='word_1_476' title='bbox 776 3613 1005 3676; x_wconf 81' lang='grc' dir='ltr'><strong><em>ολπύντωςιοῦ</em></strong></span> <span class='ocrx_word' id='word_1_477' title='bbox 1022 3621 1311 3689; x_wconf 73' lang='grc' dir='ltr'><strong><em>παθεῖνκεκριμένου.</em></strong></span> <span class='ocrx_word' id='word_1_478' title='bbox 1348 3615 1430 3669; x_wconf 87' lang='lat' dir='ltr'><strong>Idem</strong></span> 
     </span>
     <span class='ocr_line' id='line_1_46' title="bbox 253 3679 1430 3760; baseline 0.005 -29"><span class='ocrx_word' id='word_1_479' title='bbox 253 3680 318 3732; x_wconf 87' lang='lat' dir='ltr'><strong>vale</strong></span> <span class='ocrx_word' id='word_1_480' title='bbox 345 3682 380 3732; x_wconf 89' lang='lat' dir='ltr'><strong>de</strong></span> <span class='ocrx_word' id='word_1_481' title='bbox 393 3681 468 3748; x_wconf 86' lang='lat' dir='ltr'><strong>Epit.</strong></span> <span class='ocrx_word' id='word_1_482' title='bbox 481 3679 598 3760; x_wconf 75' lang='lat' dir='ltr'><strong>alterius</strong></span> <span class='ocrx_word' id='word_1_483' title='bbox 613 3680 643 3734; x_wconf 79' lang='lat'><strong>0.</strong></span> <span class='ocrx_word' id='word_1_484' title='bbox 656 3679 737 3759; x_wconf 65' lang='lat' dir='ltr'><strong>XCV</strong></span> <span class='ocrx_word' id='word_1_485' title='bbox 754 3721 760 3745; x_wconf 86' lang='lat'>‚</span> <span class='ocrx_word' id='word_1_486' title='bbox 773 3681 823 3734; x_wconf 91' lang='lat' dir='ltr'><strong>ubi</strong></span> <span class='ocrx_word' id='word_1_487' title='bbox 837 3685 952 3760; x_wconf 81' lang='lat' dir='ltr'><strong>eaedem</strong></span> <span class='ocrx_word' id='word_1_488' title='bbox 965 3689 1032 3760; x_wconf 80' lang='lat' dir='ltr'><strong>sunt</strong></span> <span class='ocrx_word' id='word_1_489' title='bbox 1042 3681 1209 3750; x_wconf 82' lang='lat' dir='ltr'><strong>scripturae.</strong></span> <span class='ocrx_word' id='word_1_490' title='bbox 1221 3715 1254 3722; x_wconf 94' lang='lat'><strong>-—</strong></span> <span class='ocrx_word' id='word_1_491' title='bbox 1267 3683 1301 3737; x_wconf 89' lang='lat' dir='ltr'><strong>V.</strong></span> <span class='ocrx_word' id='word_1_492' title='bbox 1314 3682 1347 3734; x_wconf 88' lang='lat'><strong>13</strong></span> <span class='ocrx_word' id='word_1_493' title='bbox 1360 3685 1430 3737; x_wconf 88' lang='lat' dir='ltr'><strong>seri-</strong></span> 
     </span>
     <span class='ocr_line' id='line_1_47' title="bbox 255 3746 1430 3833; baseline 0.005 -35"><span class='ocrx_word' id='word_1_494' title='bbox 255 3746 395 3798; x_wconf 87' lang='lat' dir='ltr'><strong>bendum:</strong></span> <span class='ocrx_word' id='word_1_495' title='bbox 419 3768 574 3826; x_wconf 78' lang='grc' dir='ltr'><strong><em>μοιουμεν,</em></strong></span> <span class='ocrx_word' id='word_1_496' title='bbox 597 3751 674 3818; x_wconf 91' lang='lat' dir='ltr'><strong>quod</strong></span> <span class='ocrx_word' id='word_1_497' title='bbox 692 3767 783 3833; x_wconf 85' lang='lat' dir='ltr'><strong>rpsum</strong></span> <span class='ocrx_word' id='word_1_498' title='bbox 803 3753 924 3818; x_wconf 81' lang='lat' dir='ltr'><strong>porrigit</strong></span> <span class='ocrx_word' id='word_1_499' title='bbox 943 3750 1018 3818; x_wconf 82' lang='lat' dir='ltr'><strong>Eplt.</strong></span> <span class='ocrx_word' id='word_1_500' title='bbox 1037 3751 1086 3802; x_wconf 88' lang='lat' dir='ltr'><strong>alt.</strong></span> <span class='ocrx_word' id='word_1_501' title='bbox 1110 3748 1139 3802; x_wconf 80' lang='lat' dir='ltr'><strong>C.</strong></span> <span class='ocrx_word' id='word_1_502' title='bbox 1159 3749 1262 3806; x_wconf 82' lang='lat' dir='ltr'><strong>XCVI.</strong></span> <span class='ocrx_word' id='word_1_503' title='bbox 1299 3749 1430 3804; x_wconf 85' lang='lat' dir='ltr'><strong>Subinde</strong></span> 
     </span>
     <span class='ocr_line' id='line_1_48' title="bbox 252 3812 1432 3892; baseline 0.005 -26"><span class='ocrx_word' id='word_1_504' title='bbox 252 3813 353 3866; x_wconf 90' lang='lat' dir='ltr'><strong>eadem</strong></span> <span class='ocrx_word' id='word_1_505' title='bbox 371 3812 395 3865; x_wconf 85' lang='lat' dir='ltr'>E</span> <span class='ocrx_word' id='word_1_506' title='bbox 412 3821 505 3892; x_wconf 34' lang='lat' dir='ltr'><strong>&#39;rtome</strong></span> <span class='ocrx_word' id='word_1_507' title='bbox 518 3813 619 3869; x_wconf 84' lang='lat' dir='ltr'><strong>habet:</strong></span> <span class='ocrx_word' id='word_1_508' title='bbox 637 3839 712 3888; x_wconf 83' lang='grc' dir='ltr'><strong><em>παρα</em></strong></span> <span class='ocrx_word' id='word_1_509' title='bbox 724 3817 755 3872; x_wconf 87' lang='grc' dir='ltr'><strong>τὸ</strong></span> <span class='ocrx_word' id='word_1_510' title='bbox 769 3820 878 3892; x_wconf 80' lang='grc' dir='ltr'><strong><em>πρῶτοι</em></strong></span> <span class='ocrx_word' id='word_1_511' title='bbox 892 3815 907 3886; x_wconf 83' lang='grc' dir='ltr'>ἢ</span> <span class='ocrx_word' id='word_1_512' title='bbox 921 3815 1054 3892; x_wconf 87' lang='grc' dir='ltr'><strong><em>δεύτεροι.</em></strong></span> <span class='ocrx_word' id='word_1_513' title='bbox 1090 3815 1128 3868; x_wconf 86' lang='lat' dir='ltr'><strong>Et</strong></span> <span class='ocrx_word' id='word_1_514' title='bbox 1140 3819 1271 3885; x_wconf 82' lang='lat' dir='ltr'><strong>profecto</strong></span> <span class='ocrx_word' id='word_1_515' title='bbox 1286 3819 1432 3886; x_wconf 84' lang='lat' dir='ltr'><strong>scriptura</strong></span> 
     </span>
     <span class='ocr_line' id='line_1_49' title="bbox 253 3831 1432 3962; baseline 0.004 -28"><span class='ocrx_word' id='word_1_516' title='bbox 253 3881 335 3960; x_wconf 80' lang='lat' dir='ltr'><strong>Hom.</strong></span> <span class='ocrx_word' id='word_1_517' title='bbox 354 3831 498 3934; x_wconf 59' lang='lat' dir='ltr'><strong>corfrcum:</strong></span> <span class='ocrx_word' id='word_1_518' title='bbox 520 3882 595 3962; x_wconf 76' lang='grc' dir='ltr'><strong><em>μαρὰ</em></strong></span> <span class='ocrx_word' id='word_1_519' title='bbox 611 3883 643 3938; x_wconf 88' lang='grc' dir='ltr'><strong>τὸ</strong></span> <span class='ocrx_word' id='word_1_520' title='bbox 667 3888 787 3958; x_wconf 77' lang='grc' dir='ltr'><strong><em>πρῶτοι,</em></strong></span> <span class='ocrx_word' id='word_1_521' title='bbox 810 3883 944 3956; x_wconf 76' lang='grc' dir='ltr'><strong><em>δεύτεροι,</em></strong></span> <span class='ocrx_word' id='word_1_522' title='bbox 969 3883 1035 3938; x_wconf 85' lang='lat' dir='ltr'><strong>ferri</strong></span> <span class='ocrx_word' id='word_1_523' title='bbox 1058 3885 1166 3952; x_wconf 90' lang='lat' dir='ltr'><strong>nequit.</strong></span> <span class='ocrx_word' id='word_1_524' title='bbox 1187 3918 1221 3925; x_wconf 88' lang='lat'>-</span> <span class='ocrx_word' id='word_1_525' title='bbox 1240 3885 1336 3938; x_wconf 88' lang='lat' dir='ltr'><strong>Etiam</strong></span> <span class='ocrx_word' id='word_1_526' title='bbox 1352 3904 1378 3940; x_wconf 86' lang='lat' dir='ltr'><strong>v.</strong></span> <span class='ocrx_word' id='word_1_527' title='bbox 1397 3889 1432 3940; x_wconf 82' lang='grc'><strong>15</strong></span> 
     </span>
     <span class='ocr_line' id='line_1_50' title="bbox 251 3949 1431 4070; baseline 0.004 -68"><span class='ocrx_word' id='word_1_528' title='bbox 251 3949 381 4069; x_wconf 58' lang='lat' dir='ltr'><strong>eqqrdlqm</strong></span> <span class='ocrx_word' id='word_1_529' title='bbox 401 3965 557 4070; x_wconf 55' lang='lat' dir='ltr'><strong>rgeg4eperrm</strong></span> <span class='ocrx_word' id='word_1_530' title='bbox 575 3949 695 4014; x_wconf 74' lang='grc' dir='ltr'><strong>εἰδότας,</strong></span> <span class='ocrx_word' id='word_1_531' title='bbox 722 3951 799 4021; x_wconf 93' lang='lat' dir='ltr'><strong>quod</strong></span> <span class='ocrx_word' id='word_1_532' title='bbox 822 3953 909 4006; x_wconf 88' lang='lat' dir='ltr'><strong>estin</strong></span> <span class='ocrx_word' id='word_1_533' title='bbox 928 3951 1007 4021; x_wconf 85' lang='lat' dir='ltr'><strong>Epit:</strong></span> <span class='ocrx_word' id='word_1_534' title='bbox 1019 3952 1067 4006; x_wconf 86' lang='lat' dir='ltr'><strong>alt</strong></span> <span class='ocrx_word' id='word_1_535' title='bbox 1088 3952 1118 4006; x_wconf 84' lang='lat' dir='ltr'><strong>C.</strong></span> <span class='ocrx_word' id='word_1_536' title='bbox 1132 3971 1156 4006; x_wconf 89' lang='lat' dir='ltr'><strong>c.</strong></span> <span class='ocrx_word' id='word_1_537' title='bbox 1176 3953 1284 4023; x_wconf 89' lang='lat' dir='ltr'><strong>pariter</strong></span> <span class='ocrx_word' id='word_1_538' title='bbox 1298 3959 1388 4026; x_wconf 88' lang='lat' dir='ltr'><strong>atque</strong></span> <span class='ocrx_word' id='word_1_539' title='bbox 1402 3955 1431 4007; x_wconf 90' lang='lat' dir='ltr'><strong>in</strong></span> 
     </span>
     <span class='ocr_line' id='line_1_51' title="bbox 252 4033 468 4070; baseline 0.005 -3"><span class='ocrx_word' id='word_1_540' title='bbox 252 4034 285 4069; x_wconf 88' lang='grc' dir='ltr'><strong>οο</strong></span> <span class='ocrx_word' id='word_1_541' title='bbox 309 4061 314 4070; x_wconf 94' lang='grc'>.</span> <span class='ocrx_word' id='word_1_542' title='bbox 354 4033 368 4070; x_wconf 95' lang='lat' dir='ltr'><strong>e</strong></span> <span class='ocrx_word' id='word_1_543' title='bbox 392 4059 396 4068; x_wconf 95' lang='lat'><strong>.</strong></span> <span class='ocrx_word' id='word_1_544' title='bbox 464 4058 468 4068; x_wconf 94' lang='lat'><strong>.</strong></span> 
     </span>
    </p>

    <p class='ocr_par' dir='ltr' id='par_1_9' title="bbox 250 4035 1432 4428">
     <span class='ocr_line' id='line_1_52' title="bbox 318 4035 1431 4162; baseline 0.007 -28"><span class='ocrx_word' id='word_1_545' title='bbox 318 4083 349 4134; x_wconf 93' lang='lat' dir='ltr'><strong>P.</strong></span> <span class='ocrx_word' id='word_1_546' title='bbox 362 4035 421 4148; x_wconf 59' lang='grc'><strong>278,</strong></span> <span class='ocrx_word' id='word_1_547' title='bbox 434 4085 451 4137; x_wconf 82' lang='grc'>5</span> <span class='ocrx_word' id='word_1_548' title='bbox 463 4083 589 4154; x_wconf 86' lang='lat' dir='ltr'><strong>ineptam</strong></span> <span class='ocrx_word' id='word_1_549' title='bbox 604 4085 633 4136; x_wconf 90' lang='lat' dir='ltr'><strong>in</strong></span> <span class='ocrx_word' id='word_1_550' title='bbox 647 4085 756 4139; x_wconf 87' lang='lat' dir='ltr'><strong>verbis:</strong></span> <span class='ocrx_word' id='word_1_551' title='bbox 769 4092 814 4139; x_wconf 80' lang='grc' dir='ltr'><strong>καὶ</strong></span> <span class='ocrx_word' id='word_1_552' title='bbox 827 4085 902 4144; x_wconf 85' lang='grc' dir='ltr'><strong><em>ττάνυ</em></strong></span> <span class='ocrx_word' id='word_1_553' title='bbox 914 4085 1129 4159; x_wconf 75' lang='grc' dir='ltr'><strong><em>ἁμαρτάνουσιν,</em></strong></span> <span class='ocrx_word' id='word_1_554' title='bbox 1143 4088 1216 4158; x_wconf 82' lang='grc' dir='ltr'><strong><em>πρὸς</em></strong></span> <span class='ocrx_word' id='word_1_555' title='bbox 1226 4091 1278 4162; x_wconf 80' lang='grc' dir='ltr'><strong>γὰρ</strong></span> <span class='ocrx_word' id='word_1_556' title='bbox 1292 4089 1324 4143; x_wconf 81' lang='grc' dir='ltr'><strong>τὸ</strong></span> <span class='ocrx_word' id='word_1_557' title='bbox 1338 4089 1431 4160; x_wconf 85' lang='grc' dir='ltr'><strong><em>ἁμαρ-</em></strong></span> 
     </span>
     <span class='ocr_line' id='line_1_53' title="bbox 251 4147 1430 4232; baseline 0.01 -32"><span class='ocrx_word' id='word_1_558' title='bbox 251 4147 342 4202; x_wconf 81' lang='grc' dir='ltr'><strong><em>τάνειν</em></strong></span> <span class='ocrx_word' id='word_1_559' title='bbox 352 4150 466 4211; x_wconf 83' lang='grc' dir='ltr'><strong><em>ἑαυτοὺς</em></strong></span> <span class='ocrx_word' id='word_1_560' title='bbox 474 4151 693 4231; x_wconf 69' lang='grc' dir='ltr'><strong><em>ἀποδεδωκότες,</em></strong></span> <span class='ocrx_word' id='word_1_561' title='bbox 708 4153 875 4232; x_wconf 78' lang='lat' dir='ltr'><strong>particulam</strong></span> <span class='ocrx_word' id='word_1_562' title='bbox 886 4154 938 4225; x_wconf 70' lang='grc' dir='ltr'><strong>γὰρ</strong></span> <span class='ocrx_word' id='word_1_563' title='bbox 951 4171 1007 4207; x_wconf 92' lang='lat' dir='ltr'><strong>non</strong></span> <span class='ocrx_word' id='word_1_564' title='bbox 1014 4154 1184 4223; x_wconf 89' lang='lat' dir='ltr'><strong>habetEpit.</strong></span> <span class='ocrx_word' id='word_1_565' title='bbox 1194 4157 1275 4211; x_wconf 90' lang='lat' dir='ltr'><strong>alter.</strong></span> <span class='ocrx_word' id='word_1_566' title='bbox 1285 4156 1315 4211; x_wconf 87' lang='lat' dir='ltr'><strong>C.</strong></span> <span class='ocrx_word' id='word_1_567' title='bbox 1322 4157 1430 4214; x_wconf 82' lang='lat' dir='ltr'><strong>XCVI.</strong></span> 
     </span>
     <span class='ocr_line' id='line_1_54' title="bbox 250 4213 1431 4362; baseline 0.015 -33"><span class='ocrx_word' id='word_1_568' title='bbox 250 4213 1431 4362; x_wconf 52' lang='lat' dir='ltr'><strong>lrlltlsslll¹3.33lltittllltlllllllilrt.l.lilit¹.¹ttl.³liltalit</strong></span> 
     </span>
     <span class='ocr_line' id='line_1_55' title="bbox 250 4331 1432 4428; baseline 0.016 -33"><span class='ocrx_word' id='word_1_569' title='bbox 250 4344 369 4398; x_wconf 86' lang='lat' dir='ltr'><strong>alterius</strong></span> <span class='ocrx_word' id='word_1_570' title='bbox 383 4345 413 4402; x_wconf 81' lang='lat' dir='ltr'><strong>C.</strong></span> <span class='ocrx_word' id='word_1_571' title='bbox 427 4349 521 4404; x_wconf 82' lang='lat' dir='ltr'><strong>XCVI</strong></span> <span class='ocrx_word' id='word_1_572' title='bbox 535 4353 599 4408; x_wconf 87' lang='lat' dir='ltr'><strong>libri</strong></span> <span class='ocrx_word' id='word_1_573' title='bbox 614 4371 705 4420; x_wconf 64' lang='lat' dir='ltr'><strong>mser„</strong></span> <span class='ocrx_word' id='word_1_574' title='bbox 723 4373 778 4408; x_wconf 93' lang='lat' dir='ltr'><strong>uno</strong></span> <span class='ocrx_word' id='word_1_575' title='bbox 793 4363 925 4426; x_wconf 85' lang='lat' dir='ltr'><strong>excepto,</strong></span> <span class='ocrx_word' id='word_1_576' title='bbox 941 4359 1089 4428; x_wconf 84' lang='lat' dir='ltr'><strong>praebent.</strong></span> <span class='ocrx_word' id='word_1_577' title='bbox 1103 4389 1137 4399; x_wconf 75' lang='lat'><em>-</em></span> <span class='ocrx_word' id='word_1_578' title='bbox 1151 4359 1183 4413; x_wconf 90' lang='lat' dir='ltr'><strong>V.</strong></span> <span class='ocrx_word' id='word_1_579' title='bbox 1193 4331 1229 4411; x_wconf 77' lang='lat'><strong>&#39;16</strong></span> <span class='ocrx_word' id='word_1_580' title='bbox 1243 4357 1432 4416; x_wconf 88' lang='lat' dir='ltr'><strong>vehementer</strong></span> 
     </span>
    </p>
   </div>
   <div class='ocr_carea' id='block_1_5' title="bbox 0 0 1593 4900">
    <p class='ocr_par' dir='ltr' id='par_1_10' title="bbox 0 0 1593 4900">
     <span class='ocr_line' id='line_1_56' title="bbox 0 0 1593 4900; baseline 0 0"><span class='ocrx_word' id='word_1_581' title='bbox 0 0 1593 4900; x_wconf 95' lang='lat' dir='ltr'><strong> </strong></span> 
     </span>
    </p>
   </div>
  </div>
 </body>
</html>
