3162 4900
502 367 964 434 mnnnnnsuconnmnnns.
1255 368 1317 433 337

143 538 224 584 codex
236 535 268 584 (ἲς
286 532 352 582 ἐπὰν
367 536 458 594 τίκτει,
471 535 518 583 'ubi
531 537 678 584 Dresselius
693 537 752 596 J'ure
765 550 811 584 sno
825 537 923 597 recepit
936 537 1088 596 scripturam
1100 537 1194 584 codicis
1207 537 1238 597 0,
1251 547 1277 586 et
1288 539 1320 586 de

143 605 322 663 conjunctione
334 597 446 662 ὁπόταν,
457 609 485 650 ut
497 619 521 663 p.
536 605 592 663 129,
606 607 637 650 16
648 618 685 662 sq.
698 605 776 651 codex
789 604 810 651 0
823 604 913 652 babet:
926 597 1029 652 ὁπόταν
1040 605 1140 668 νοῆται,
1154 605 1234 652 codex
1247 605 1281 653 G:
1294 599 1318 653 ὁ.

142 675 251 728 νοεῖται,
263 686 288 731 p.
301 673 382 732 241,1
397 673 476 718 codex
487 671 522 717 0:
537 664 639 718 ὁπόταν
651 669 829 736 παρακαλῶσι,
842 673 923 718 codex
936 671 970 719 C:
984 665 1006 720 ὁ.
1020 670 1216 738 παρακαλοῦσι,
1228 673 1320 733 quibus

143 740 209 788 locis
221 740 370 786 Dresselius
384 753 458 785 suum
471 739 586 786 codicem
599 745 637 785 est
650 745 763 798 secutus,
776 740 835 785 dum
847 753 871 798 p.
883 741 924 796 45,
940 742 971 786 16
984 755 1064 799 aequo
1073 741 1133 800 juro
1145 755 1196 787 non
1210 741 1320 788 tentavit

142 808 275 865 utriusque
289 806 382 852 codicis
396 806 561 864 scripturam:
575 799 678 852 ὁπόταν
691 800 853 866 ἀσχολεῖται,
866 830 899 839 -
912 808 1033 854 sedeatis
1046 809 1135 856 hebuit
1148 809 1174 854 in
1187 809 1272 856 adnot.
1288 809 1318 855 12

143 875 276 934 repetiisse
290 873 370 919 verba
383 874 545 931 Schwegleri,
559 873 738 933 corrigendum
750 875 891 921 censentis:
905 867 1059 935 ἀσχοληται.
1090 876 1178 924 Simile
1191 881 1238 936 est,
1252 876 1319 935 quod

142 944 170 990 in
187 941 273 990 codice
296 939 414 987 Cmulto
432 941 533 998 saepius
555 938 578 986 sl
597 947 767 987 constructum
787 943 915 988 invenitur
936 957 992 990 eum
1009 942 1172 1000 conjubetivo
1195 957 1270 1002 quem
1292 945 1320 989 in

144 1010 232 1058 codiee
246 1007 277 1064 0,
291 1009 363 1068 cujus
375 1008 413 1054 rei
425 1021 502 1066 supro
513 1023 538 1067 p.
551 1009 601 1054 304
614 1013 640 1054 οῖ
652 1010 701 1056 305
714 1023 794 1067 peuce
809 1023 839 1054 ex
855 1010 942 1054 multis
962 1012 1078 1069 exemplo
1090 1011 1281 1070 congessimus,
1294 1015 1320 1057 et

144 1077 213 1138 quod
226 1077 252 1122 in
265 1075 350 1122 codice
364 1075 383 1121 C
396 1075 492 1134 pluries
505 1076 531 1121 in
544 1075 639 1121 talibus
652 1076 819 1134 dictionibus,
836 1077 919 1135 qualis
932 1084 983 1123 est:
1001 1067 1040 1132 οἷς
1052 1072 1085 1124 ἄν
1100 1071 1224 1139 βούλεται
1230 1112 1237 1134 ,
1254 1077 1320 1124 indi·

144 1146 243 1192 cativus
255 1144 382 1202 reperitur
394 1157 439 1202 pro
453 1142 626 1201 conjunctivo,
640 1144 692 1189 reri
707 1144 773 1189 enim
786 1148 843 1190 sunt
855 1144 912 1200 loci,
925 1143 969 1190 ubi
979 1147 1132 1192 contrarium
1142 1145 1278 1202 invenitur,
1291 1149 1319 1191 ut

142 1227 167 1272 p.
182 1213 239 1270 363,
257 1213 288 1257 13
306 1211 384 1258 codex
397 1211 418 1256 0
432 1211 553 1269 porrigit:
570 1205 706 1270 sterilescat,
726 1211 805 1256 codex
822 1209 855 1256 0:
878 1205 1014 1274 βούληται.
1051 1211 1169 1259 Ceterum
1187 1213 1232 1258 etr.
1254 1225 1318 1270 quse

144 1281 339 1338 disputaverunt
350 1278 489 1324 Jecobsius
502 1278 528 1323 in
540 1278 595 1324 Act.
607 1278 701 1326 Plrilol.
710 1277 809 1326 Moneo.
819 1278 875 1326 Vol.
886 1281 904 1336 l,
918 1279 991 1326 Fasc.
1001 1281 1024 1338 2,
1036 1293 1061 1338 p.
1073 1281 1184 1338 146sqq.
1197 1284 1223 1326 et
1231 1279 1319 1338 Poppo

143 1347 170 1394 in
182 1347 275 1393 Adnot.
288 1346 320 1392 ad
331 1345 412 1392 Sebol.
426 1345 542 1404 Tbucyd.
554 1347 574 1404 Ι,
588 1347 628 1403 49,
641 1345 781 1392 Comment.
794 1346 823 1391 P.
836 1346 880 1402 lIl,
894 1346 923 1392 V.
939 1349 960 1404 1,
973 1359 998 1404 p.
1011 1348 1068 1394 313.

214 1414 251 1459 1οι
268 1413 308 1472 iis,
328 1427 392 1471 quse
405 1416 463 1459 sunt
475 1428 500 1472 p.
513 1415 554 1469 44,
569 1415 592 1470 3,
609 1414 679 1472 Epit.
697 1415 772 1472 prior.
787 1412 814 1458 Ο.
828 1413 889 1458 XIX
906 1427 997 1460 revera
1015 1413 1078 1459 nihil
1097 1411 1176 1460 habet
1193 1412 1254 1459 nisi:
1274 1409 1319 1460 καὶ

144 1479 241 1544 ταχέως
254 1478 350 1539 λαβεῖν.
371 1481 419 1526 Vel
433 1481 471 1526 sic
484 1485 569 1529 tamen
581 1495 647 1526 nunc
660 1481 750 1526 dubito
763 1493 796 1526 en
807 1480 926 1538 primitus
940 1481 1010 1526 aliud
1023 1481 1083 1539 quid
1096 1480 1219 1539 scriptum
1232 1481 1316 1527 fuerit.

143 1550 239 1598 Homil.
253 1547 338 1594 Codex
351 1547 372 1592 Ο
384 1546 474 1594 babet:
492 1545 586 1594 ἔνεστιν
591 1579 599 1604 ,
615 1562 665 1594 non
679 1543 704 1594 ἕν
716 1543 793 1594 ἐστιν.
828 1548 897 1593 Illud
912 1549 995 1607 ipsum
1011 1547 1139 1607 reperitur
1150 1549 1176 1594 in
1188 1547 1257 1606 Epit.
1271 1549 1318 1596 alt.

144 1618 231 1664 codice
245 1615 267 1662 0
281 1615 309 1664 0.
321 1615 390 1660 XIX.
426 1615 537 1674 Uterque
550 1615 648 1662 Homil.
665 1616 743 1662 codex
759 1619 785 1661 ct
802 1629 866 1663 unus
882 1617 924 1662 vel
942 1617 1028 1674 plures
1045 1615 1114 1674 Epit.
1131 1615 1237 1662 alterius
1255 1614 1317 1661 libri

143 1698 217 1732 mscr.
229 1683 378 1743 porrigunt:
391 1667 425 1728 ὧν
436 1677 567 1741 βούλεται,
580 1683 625 1730 sed
638 1683 718 1729 codex
731 1683 767 1730 0:
788 1675 802 1729 ὁ
814 1683 848 1742 fl..
863 1683 929 1742 quod
942 1697 992 1742 quo
1002 1683 1061 1742 jure
1073 1683 1196 1741 receperit
1207 1684 1316 1730 Dresse·

144 1754 195 1799 lius
208 1751 283 1796 simul
297 1763 354 1796 cum
366 1750 491 1808 scriptura
507 1746 533 1797 ῖν
544 1746 625 1807 ἐστιν,
642 1751 746 1798 difficile
760 1755 799 1796 est
812 1750 844 1796 ad
857 1750 1059 1810 intelligendum.
1095 1749 1128 1796 st
1140 1755 1190 1796 tam
1203 1763 1249 1809 per
1261 1763 1318 1796 sen-

144 1819 249 1867 tentiam
267 1832 341 1878 quam
354 1831 400 1876 per
416 1818 519 1876 linguae
538 1819 611 1878 leges
629 1819 690 1865 t‘erri
706 1822 793 1878 potest
810 1815 902 1864 hocce:
923 1817 1032 1875 ῖνεστιν,
1050 1811 1064 1865 ὁ
1081 1811 1205 1878 βούλεταί
1220 1832 1258 1871 τις
1274 1814 1318 1862 καὶ

142 1883 240 1946 ταχέως
252 1884 353 1945 λαβεῖν,
371 1881 414 1930 καὶ
432 1882 548 1948 βραδέως
558 1881 594 1950 μὴ
607 1889 702 1946 τυχεῖν.
737 1887 771 1932 Et
788 1886 841 1932 tele
854 1886 913 1945 quid
926 1901 986 1945 prae
999 1887 1080 1934 oculis
1093 1886 1141 1931 suit
1154 1886 1251 1945 Rufino,
1263 1885 1281 1934 l.
1295 1898 1316 1931 e.

143 1957 325 2013 interpretato:
353 1953 459 2010 „Potest
478 1955 545 1999 enim
562 1955 616 2000 fieri
634 1959 663 2001 ut
678 1953 744 2002 elius
762 1953 910 2001 desiderans
929 1955 979 2000 cito
997 1953 1166 2014 adipiscetur,
1186 1953 1253 2000 alius
1269 1966 1317 1999 nee

143 2022 217 2070 tarde
230 2022 262 2067 ed
276 2019 423 2066 desiderate
436 2019 597 2078 pervenist“.

213 2090 351 2136 Praeterea
364 2087 428 2133 beec
441 2087 494 2134 tere
507 2088 624 2135 addenda
637 2088 737 2148 repperi
751 2092 777 2134 et
789 2088 949 2148 corrigenda.

211 2156 239 2202 P.
254 2157 301 2202 259
315 2156 341 2202 in
354 2154 440 2202 adnot.
453 2156 520 2214 adp.
534 2157 573 2214 65,
587 2157 601 2200 7
614 2169 704 2202 versus
716 2156 791 2201 finem
804 2169 849 2214 pro
862 2154 885 2202 al
893 2179 926 2188 —
936 2153 985 2225 φῇς
996 2156 1172 2204 scribendum:
1184 2149 1207 2202 εῖ
1216 2177 1249 2188 -
1259 2148 1316 2224 φῂς.

145 2249 178 2259 -
189 2225 272 2271 Versu
283 2223 423 2282 penultimo
437 2223 587 2282 legendum:
600 2221 644 2269 καὶ
655 2219 694 2276 τῖς
707 2216 847 2284 ἀληθεύει,

211 2291 240 2339 Ρ.
253 2292 300 2336 261
315 2291 340 2336 in
354 2291 440 2338 ednot.
452 2291 486 2337 ed
497 2305 521 2350 p.
535 2293 574 2350 86,
590 2294 664 2351 lsqq.
681 2304 727 2350 pro
740 2288 845 2356 πρεῦμα
858 2291 1007 2349 legendnm:
1021 2287 1131 2346 πνεῦμα.

212 2359 253 2406 Ad
264 2373 288 2417 p.
302 2359 359 2404 263.
388 2357 465 2404 Locis
481 2360 508 2405 in
526 2359 611 2406 adnot.
630 2359 663 2405 ed
679 2373 703 2417 p.
717 2359 773 2415 107,
792 2359 806 2404 9
825 2357 909 2405 citetis
926 2357 1058 2404 addendus
1075 2361 1115 2404 est
1131 2355 1253 2415 stirmis,
1272 2356 1314 2415 qul

144 2427 253 2475 babetur
264 2426 358 2473 Homil.
370 2439 394 2484 p.
409 2427 465 2484 398,
479 2428 518 2474 17.

212 2495 252 2541 Ad
264 2509 289 2554 p.
301 2495 358 2539 264.
377 2494 417 2540 De
429 2507 453 2552 p.
467 2495 524 2553 116,
538 2496 569 2542 10
579 2507 616 2552 sq.
633 2493 686 2540 vid.
699 2506 763 2552 qnae
775 2492 841 2538 inira
853 2491 1043 2538 adnotabuntur
1055 2491 1087 2538 ed
1100 2504 1124 2550 p.
1138 2491 1196 2538 297.

213 2561 254 2608 Ad
265 2575 290 2621 p.
304 2562 360 2608 265.
380 2561 410 2607 V.
424 2561 438 2606 5
451 2563 477 2608 in
490 2562 575 2608 adnot.
589 2561 656 2620 adp.
671 2562 727 2616 128,
743 2562 775 2606 14
793 2573 838 2618 pro
858 2555 1040 2619 „corruptum“
1060 2559 1197 2618 legendum
1209 2561 1249 2604 est
1261 2558 1317 2618 „in-

145 2627 255 2690 eptsm“.
266 2629 355 2688 -Iis,
368 2643 431 2688 quse
444 2629 477 2674 ed
490 2643 514 2687 p.
529 2629 626 2686 135,12
639 2627 826 2682 adnotavimus,
840 2627 914 2687 adde,
926 2641 950 2686 p.
964 2628 1046 2682 392,1
1060 2627 1086 2672 in
1098 2626 1185 2672 codice
1199 2625 1221 2673 Ο
1234 2639 1318 2684 reper-

145 2703 199 2745 tum
211 2709 279 2744 esse:
292 2693 509 2758 προσῳκεῖωνται,
521 2711 545 2755 p.
559 2698 599 2754 69,
613 2697 627 2741 3
640 2701 772 2755 utrumque
782 2695 877 2741 librum
888 2707 962 2742 mser.
974 2693 1109 2754 praebere:
1126 2687 1319 2757 ηὐχαρίστησαν,

144 2781 169 2826 p.
181 2766 238 2821 266,
254 2766 283 2810 16
297 2765 360 2810 adeo
372 2758 494 2826 ηὕρισκον
505 2764 645 2822 repositum
659 2776 715 2810 esse
728 2777 758 2809 ex
770 2762 857 2808 codice
871 2760 902 2819 Ο,
923 2761 1038 2822 quamvis
1055 2763 1134 2808 codex
1147 2760 1169 2808 Ο
1184 2760 1319 2820 praebeat:

145 2829 271 2896 εὕρισκον,
283 2845 307 2890 p.
322 2832 378 2890 329,
392 2833 407 2878 3
425 2847 440 2878 e
455 2832 587 2878 Dresselio
607 2835 736 2889 receptam
753 2843 809 2877 esse
827 2829 922 2876 codicis
935 2829 957 2876 Ο
970 2830 1134 2889 scripturam:
1147 2820 1318 2895 ἡρμήνευσας,

145 2905 232 2961 spreta
247 2899 340 2945 codicis
354 2898 373 2944 C
387 2901 511 2946 lectione:
524 2894 686 2962 ἑρμνλνειισας.

214 2967 242 3014 P.
256 2968 313 3024 267,
323 2966 381 3012 adn.
395 2970 417 3023 1,
428 2983 452 3013 v.
464 2971 479 3014 3
490 2972 515 3014 et
526 2982 550 3027 p.
558 2969 606 3014 272
619 2965 715 3026 pluries
725 2977 859 3024 perperam
869 2965 936 3026 typis
947 2975 1093 3024 expressum
1105 2969 1157 3011 est:
1171 2963 1319 3026 „amasium

145 3035 245 3094 emesii,
259 3031 386 3081 emesi0s“
399 3047 445 3094 pro
457 3041 592 3094 „amatum
606 3035 691 3094 amati,
703 3030 826 3080 ematos“.
1249 3041 1251 3044 ·

214 3103 243 3150 P.
257 3102 313 3161 269,
325 3117 351 3148 v.
365 3103 397 3148 24
409 3115 455 3161 pro
467 3102 529 3161 ,‚in“
542 3116 588 3162 ego
601 3103 767 3160 scripseram:
786 3101 857 3161 „ex“.

215 3170 243 3218 P.
257 3169 314 3226 270,
326 3183 350 3214 v.
364 3171 395 3216 31
408 3183 454 3228 pro
467 3168 559 3227 „aliis“
573 3169 722 3228 legendum:
735 3165 844 3227 „alius“.

214 3235 243 3283 P.
256 3237 304 3282 281
318 3248 342 3283 v.
355 3237 497 3298 penultimo
509 3251 555 3298 pro
567 3232 603 3283 τὼ
616 3249 676 3282 son:
688 3231 731 3282 τὰ.

214 3304 255 3350 Ad
267 3317 291 3362 p.
305 3305 362 3353 284.
380 3304 549 3353 Consentibus
562 3303 636 3350 nobis
647 3317 671 3362 p.
685 3305 742 3362 241,
756 3304 770 3348 9
782 3300 955 3360 reponendam
967 3313 1023 3346 esse
1036 3301 1142 3346 formam
1156 3298 1322 3346 λειποτακτεῖ

147 3373 217 3419 fovet
226 3371 302 3418 etiarn
311 3371 345 3428 id,
359 3372 425 3432 quod
437 3387 460 3432 p.
476 3376 515 3432 16,
530 3375 560 3420 16
574 3376 599 3419 ot
612 3373 652 3430 22,
667 3373 696 3418 15
710 3371 736 3416 in
746 3375 852 3429 utroque
862 3367 930 3414 libro
942 3381 1015 3414 mser.
1027 3368 1154 3426 reperitur
1164 3367 1319 3415 substantivi

147 3441 229 3488 forme
241 3434 419 3500 λειποτόκτης.

215 3507 255 3554 Ad
266 3521 292 3566 p.
306 3509 363 3555 297.
388 3509 462 3554 Nunc
482 3505 555 3568 haud
571 3506 729 3560 dubitamus,
752 3505 812 3564 quin
833 3517 864 3550 ee
886 3502 1014 3549 sententia
1029 3500 1162 3560 probando
1180 3502 1227 3561 sit,
1244 3513 1319 3560 qnam

147 3575 256 3622 seeundo
269 3576 326 3620 loco
337 3575 490 3633 protulimus
503 3575 534 3622 de
547 3589 571 3634 p.
585 3575 643 3632 288,
657 3575 672 3620 2
687 3577 799 3632 egentes.
835 3571 931 3619 Similis
944 3571 1015 3616 locus
1028 3573 1067 3615 est
1078 3582 1102 3627 p.
1115 3570 1173 3626 419,
1188 3570 1265 3646 lep:
1279 3564 1320 3615 6τὸ

147 3641 192 3688 καὶ
204 3636 283 3696 αὐτὸς
295 3635 470 3723 συμρλουλεόω,
482 3636 554 3704 αὐτῷ
568 3633 635 3704 ὑμᾶς
647 3640 799 3688 πείθεσθαι
810 3636 869 3702 περὶ
881 3623 915 3684 νῖν
926 3631 1053 3700 κηρύσσω,
1066 3631 1293 3692 incineratum
1305 3627 1321 3696 ἡ

148 3703 222 3764 πόλις
240 3704 323 3773 ἄρδην
340 3708 494 3766 απολεῖται,
516 3723 623 3770 quorum
639 3708 774 3756 verborum
793 3721 856 3768 quse
873 3710 1002 3765 postremo
1018 3708 1078 3752 sunt
1093 3704 1320 3764 Rufinusltecogn.

148 3779 181 3840 X,
195 3780 225 3825 61
239 3778 347 3825 liberius
359 3779 395 3824 ita
409 3784 448 3824 est
460 3780 650 3836 interpretetus:
664 3790 711 3834 „ne
725 3776 791 3822 forte
803 3775 825 3821 si
838 3773 987 3834 spreveritis
1000 3785 1064 3831 eum,
1077 3772 1133 3830 ipsa
1146 3771 1224 3818 etism
1236 3771 1321 3818 subito

148 3847 239 3893 civitas
249 3850 336 3892 vestra
347 3842 462 3904 pereet“.
479 3845 568 3904 Neque
581 3857 643 3903 opus
653 3847 709 3890 eret
718 3847 746 3889 ut
757 3845 848 3901 locum,
862 3841 904 3902 qui
918 3848 956 3887 est
965 3855 990 3900 p.
1005 3841 1060 3896 116,
1075 3841 1105 3886 10
1115 3853 1161 3898 sq,
1174 3839 1321 3885 lacunosam

149 3927 205 3961 esse
218 3925 349 3959 sumerem.
385 3913 530 3959 Particulae
547 3908 602 3958 emt
619 3911 655 3956 ita
671 3917 806 3970 usurpatae
818 3915 846 3956 ut
863 3909 947 3968 posita
964 3921 1020 3954 esse
1032 3906 1115 3952 videri
1128 3905 1211 3963 possit
1222 3919 1269 3964 pro
1283 3917 1321 3964 eo,

149 3981 216 4041 quod
229 3986 269 4027 est
281 3981 421 4040 „alioquim
435 3981 475 4026 sin
487 3979 594 4039 minus“‚
607 3978 705 4036 aliquot
717 3977 832 4035 exempla
842 3990 872 4022 ex
881 3971 1069 4034 antiquioribus
1080 3971 1250 4030 scriptoribus
1262 3985 1321 4018 con·

149 4052 223 4108 geste
235 4053 293 4094 sunt
306 4049 382 4095 etiem
395 4049 420 4093 in
433 4049 555 4096 Theseur.
569 4046 687 4104 stophen.
702 4044 742 4091 ed.
754 4045 836 4090 Paris.
848 4044 905 4091 Vol.
918 4042 962 4100 III,
975 4055 1000 4100 p.
1015 4041 1088 4086 1454.

217 4115 258 4161 Ad
270 4130 295 4174 p.
309 4116 366 4162 308.
401 4115 595 4173 P.³45,11sq.
613 4113 710 4158 editum
728 4115 781 4159 est:
801 4103 857 4156 ἀλλ’
878 4105 921 4158 ιι’να
940 4103 977 4172 μὴ
998 4101 1078 4161 αὐτὸς
1093 4102 1130 4154 τοὶ
1151 4098 1222 4152 αὐτοὶ
1243 4103 1322 4166 λόγων

149 4179 217 4248 πρὸς
233 4175 263 4229 τό
277 4178 389 4243 ἐλέγχειν
401 4196 430 4230 σε
447 4178 556 4230 donarii
570 4177 617 4227 τὸν
631 4173 728 4244 χρόνον
743 4171 811 4230 rire
827 4173 863 4240 μὴ
878 4174 959 4236 θέλω,
976 4169 1042 4240 πρὸς
1055 4171 1090 4222 τὰ
1103 4167 1249 4240 ὁρισθέντα
1259 4167 1321 4234 ἡμῖν

149 4245 298 4317 ἀπόκριναι,
311 4251 342 4297 de
353 4251 499 4310 conjecture
512 4248 641 4296 Gotelcrii.
671 4247 746 4294 Libri
758 4259 833 4294 mser.
845 4238 990 4305 porrigunt:
1002 4238 1213 4306 ἀποκρίνασθαι.
1243 4241 1320 4300 Equi-

150 4317 207 4366 dem
228 4319 315 4365 nescio
339 4331 371 4364 an
393 4317 554 4377 probabilius
576 4316 621 4362 sit:
642 4307 846 4382 ἀποκρίνασθαί
865 4325 897 4359 σε
919 4308 979 4367 δεῖ,
1005 4325 1069 4373 qnae
1089 4311 1221 4371 postrema
1240 4309 1321 4357 verba

148 4391 256 4448 propter
268 4385 385 4448 syllabas
396 4385 509 4444 proxime
522 4389 684 4444 antegressos
699 4382 819 4431 facillime
831 4383 968 4442 potuerunt
981 4379 1141 4427 intercidere.

1144 4461 1169 4498 22
