3126 4894
574 243 729 295 senous
755 245 865 296 euros.
1268 233 1309 297 97

136 410 237 464 magno
250 409 316 446 cum
329 391 435 444 honore
455 407 489 444 ac
502 391 641 446 satellitio
658 407 773 462 praeses
786 409 820 446 ex
833 391 989 447 Antiochia
1004 394 1095 448 mittit
1111 395 1149 450 ed
1161 396 1307 452 Tiberium

135 461 292 516 Caesarem.
330 457 456 537 Intuitus
469 465 563 512 autem
577 458 683 514 Caesar
694 465 803 529 patrem
816 465 846 514 et
862 465 979 514 matrem
991 462 1101 542 agnitis
1122 479 1157 516 ue
1170 465 1212 518 eis
1225 482 1308 534 super

132 547 160 582 re
173 528 258 582 obstu
279 527 333 592 uit,
347 531 493 596 patrisque
507 527 645 581 cervicem
659 544 719 581 corn
741 527 821 580 lexus
834 527 937 582 acriter
948 527 1036 582 flevrt.
1060 479 1195 584 Cohibito
1210 537 1305 585 autem

133 595 209 650 luctu
233 613 250 650 a
294 599 424 648 senatum
445 594 602 664 respiciens
624 594 678 647 ait:
739 595 842 648 audete
859 611 968 648 mecum
986 611 1083 650 omnes
1108 603 1137 650 et
1160 615 1305 653 commune

131 664 236 717 festum
248 677 370 734 agamus
384 660 578 716 inventionem
589 661 690 716 Fausti
701 669 730 716 et
742 660 927 730 Matthidiae,
966 664 1022 716 uod
1034 679 1098 717 cum
1111 665 1212 718 mortui
1224 671 1305 734 puta-

131 738 228 784 rentur
238 729 414 794 revixeruut‚
429 745 548 810 cumque
561 729 715 800 periissent
727 729 832 800 reperti
845 736 918 782 sunt.
978 736 1059 785 ostea
1071 736 1101 784 et
1114 749 1177 784 cum
1190 732 1225 784 iis
1238 749 1304 802 epu-

132 801 205 852 latus
218 799 402 875 multamque·
410 811 562 866 pecuniam
574 795 705 868 largitus,
718 797 783 850 insu
804 813 888 866 erque
901 796 978 868 ipsos
990 798 1028 852 ad
1039 798 1204 854 famulatum
1217 800 1306 853 serris

130 863 433 937 augensacancrllrs,
476 863 575 918 lurimo
593 863 730 918 comitatu
747 870 776 918 et
813 881 897 918 onore
915 864 1109 920 circumdedit.
1147 866 1202 931 Qui
1219 867 1305 921 etism

131 951 185 986 nou
199 933 307 1003 exiguo
322 937 448 1000 tempore
487 949 567 986 omae
579 937 703 986 aetatem
717 937 850 1002 egerunt,
867 931 914 1001 pie
932 931 1045 1002 quidem
1057 933 1187 987 viventes
1201 951 1306 1004 suaque

132 1006 285 1072 erogantes
297 998 471 1069 pauperibus
483 1007 512 1054 et
526 999 684 1054 consectati
699 1015 796 1052 omnes
812 999 884 1053 alias
900 999 1035 1067 virtutes,
1054 1001 1144 1055 donec
1162 1003 1192 1055 in
1209 1018 1306 1056 senec·

131 1075 191 1121 tute
204 1068 293 1133 bona,
307 1066 349 1119 eis
363 1082 435 1145 quae
448 1065 495 1121 hic
508 1073 574 1120 sunt
584 1067 703 1132 relictis,
717 1065 824 1120 Christi
834 1083 953 1148 regnum
966 1069 1112 1122 consecuti
1126 1075 1201 1134 sunt,
1214 1085 1305 1123 exem·

132 1137 190 1206 plsr
202 1135 283 1188 vitae
296 1151 331 1187 ac
345 1150 490 1201 specimen
507 1135 544 1190 ad
560 1136 693 1188 virtutem
710 1133 953 1188 accuratissrmum
972 1153 1050 1190 suam
1062 1137 1151 1192 vitem
1162 1137 1305 1191 Romanae

93 1229 95 1232 ·
132 1203 298 1273 republicae
311 1201 418 1322 larffiffi'

197 1268 329 1323 CXLIV.

382 1273 490 1322 eterum
511 1282 565 1336 ego
585 1263 717 1327 Clemens
740 1286 802 1321 cum
823 1268 958 1324 fratribus
980 1269 1072 1324 adhuc
1093 1272 1168 1340 apud
1188 1271 1303 1324 Petrum
1407 1311 1410 1318 ,

132 1337 278 1391 doctorem
296 1336 402 1403 mansi,
421 1335 469 1404 qui
486 1332 671 1412 evangelicae
689 1337 896 1405 praedicationi
913 1337 1080 1404 insistebat,
1099 1344 1128 1391 et
1148 1337 1305 1406 complures
1395 1401 1398 1408 Α

130 1405 215 1458 variis
233 1403 342 1457 morbis
360 1421 393 1457 ac
410 1401 639 1472 perpessrcnibus
659 1403 783 1457 curabat.
819 1404 933 1458 Deinde
953 1405 1003 1458 ille
1016 1404 1134 1460 urbibus
1144 1406 1305 1485 peragratis

131 1474 249 1526 llomam
264 1488 375 1540 quoque
387 1469 532 1540 pervenit,
551 1474 636 1537 atque
654 1470 690 1523 iis
703 1471 751 1540 qui
768 1471 973 1526 concurrebant
990 1472 1105 1526 verbum
1121 1477 1239 1542 pretotrs
1256 1489 1305 1526 an·

130 1539 295 1604 nunciavit,
312 1539 473 1606 multosque
510 1553 540 1590 er
556 1535 728 1606 baptismum
744 1537 863 1592 adduxit
881 1539 917 1591 ad
935 1537 1042 1592 Christi
1061 1539 1229 1610 religionem
1246 1544 1305 1592 tarn

131 1607 204 1660 viros
217 1623 304 1676 quam
317 1606 449 1659 mulieres
462 1622 479 1658 a
501 1620 543 1669 eo,
556 1609 588 1656 ut
601 1610 630 1658 et
641 1605 720 1658 brevi
733 1609 859 1674 ternpore
872 1605 1009 1660 nobilium
1019 1606 1168 1660 mulierum
1181 1605 1304 1660 clarissi-

130 1675 196 1740 mis,
211 1691 340 1744 quasque
354 1673 447 1727 solent
463 1680 607 1725 matronas
622 1689 800 1743 nuncupare,
816 1673 1017 1743 propemodum
1034 1673 1175 1727 universis
1190 1689 1304 1744 persua·

131 1743 208 1806 serit,
221 1741 262 1794 ad
276 1745 405 1795 sanctum
417 1739 560 1809 baptisma
573 1738 727 1811 confugere
740 1758 774 1794 ac
786 1739 850 1794 Deo
864 1741 986 1796 credere.

197 1807 315 1864 CXLV.
353 1808 410 1862 Sed
427 1813 456 1861 et
472 1806 528 1876 ipsi
545 1806 601 1860 iam
618 1806 678 1860 vita
694 1808 881 1877 relinquenda
898 1807 953 1862 fuit
970 1815 999 1862 et
1014 1808 1253 1879 proficiscendum
1265 1809 1302 1862 ad

131 1877 300 1948 magistrum
314 1873 458 1929 Christum
471 1873 616 1944 evangelii
628 1892 710 1928 cursu
728 1882 930 1930 consummato,
965 1875 999 1928 Id
1012 1877 1116 1947 quippe
1129 1894 1193 1930 curn
1205 1881 1302 1930 notum

131 1944 172 1997 illi
185 1949 275 2009 esset,
290 1948 320 1997 et
332 1943 424 2012 ipsum
436 1943 471 1996 ad
487 1959 607 2007 crucem,
620 1947 652 1996 ut
665 1959 727 1996 cum
740 1943 876 2013 magistro
888 1941 1051 2014 passionem
1060 1949 1089 1997 et
1119 1943 1219 1998 loriam
1229 1961 1302 1997 com·

130 2029 242 2065 munem
254 2010 382 2076 haberet,
396 2025 459 2064 esse
473 2009 676 2076 damnandum,
686 2027 750 2076 ¹una
768 2011 950 2083 congregatis
964 2012 1075 2066 cunctis
1118 2011 1242 2076 auibus,
1256 2027 1303 2080 ap·

130 2078 375 2159 prehensamanu
391 2094 467 2143 mea,
486 2082 565 2130 stans
583 2076 613 2130 in
629 2077 723 2156 medie
740 2078 877 2157 concione
894 2084 923 2132 et
939 2077 1302 2159 ecclesia1Audi'teme,·in-

130 2153 206 2266 llil
215 2143 1184 2284 titulun?etill},tlltmmllnltssstttttelllut
1194 2152 1303 2280 ttulit,

130 2281 175 2335 cui
197 2286 227 2334 et
248 2297 340 2334 meam
365 2295 523 2334 sermonum
545 2277 708 2332 cathedram
725 2279 821 2360 credo,
845 2281 976 2350 quoniam
992 2280 1028 2334 ab
1051 2281 1135 2334 initio
1157 2280 1301 2350 hucusque

131 2364 224 2403 comes
235 2347 307 2400 mihi
319 2347 383 2413 fnit,
397 2347 495 2416 sicque
508 2363 604 2400 omnes
619 2346 729 2400 audivit
739 2363 890 2400 concrones
899 2363 986 2414 meas,
1000 2348 1047 2427 qui
1058 2348 1088 2400 in
1097 2347 1227 2400 omnibus
1239 2365 1301 2416 par-

129 2417 222 2486 ticeps
239 2415 433 2470 tentationum
445 2419 475 2468 et
490 2413 733 2483 periclitationum
749 2431 873 2468 mearum
889 2413 983 2467 factus
1001 2433 1031 2468 m
1048 2413 1105 2466 lide
1122 2429 1301 2482 perseverare

130 2485 264 2537 inventus
277 2488 331 2549 est,
345 2499 429 2552 quem
441 2497 495 2552 ego
508 2480 631 2534 omnium
644 2481 802 2534 certissime
820 2480 887 2534 novi
903 2496 966 2533 esse
978 2481 1036 2534 Dei
1053 2480 1190 2533 cultorem
1207 2485 1242 2532 et'
1252 2479 1301 2532 ho-

130 2551 236 2604 minum
250 2556 405 2617 amantem,
423 2554 532 2602 castum
553 2553 582 2601 et
598 2553 818 2618 temperantem,
835 2545 953 2612 bonum,
971 2547 1076 2601 iustum
1123 2547 1260 2600 atientem
1272 2553 1302 2600 et

129 2619 275 2673 valentem
293 2617 405 2670 fortiter
419 2615 492 2670 ferre
508 2616 622 2696 ingrata
638 2613 765 2668 facinora
782 2613 992 2680 nonnullorum,
1011 2614 1060 2684 qui
1076 2565 1239 2668 Christiana
1251 2613 1301 2666 im-

130 2686 257 2739 buuntur
269 2684 408 2738 doctrina.
443 2681 535 2746 Quare
547 2683 592 2736 rlli
604 2683 685 2736 trudo
698 2687 871 2751 potestatem
883 2681 994 2752 ligandi
1006 2687 1035 2736 ct
1048 2679 1184 2734 solvendi.
1214 2679 1301 2750 Liga—

129 2754 172 2808 hit
185 2753 278 2818 enim,
297 2752 372 2821 quod
384 2751 469 2822 ligeri
486 2755 611 2819 oportet,
634 2756 662 2803 et
678 2750 771 2803 solvet
782 2749 910 2816 omnino,
925 2749 1001 2818 quod
1014 2747 1086 2803 solvi
1099 2747 1194 2812 debet,
1207 2747 1300 2816 utqui

129 2821 273 2875 ecclesiae
288 2836 425 2874 canonem
437 2835 470 2872 ac
482 2819 610 2888 regulam
622 2816 708 2886 probe
722 2821 885 2888 cognoscat.
909 2815 1006 2886 Ipsum
1019 2833 1086 2887 ergo
1099 2814 1195 2870 audite
1209 2815 1299 2868 scien-

129 2897 175 2942 tes
188 2905 263 2954 eum,
277 2887 326 2966 qui
337 2885 469 2940 veritatis
481 2885 607 2954 praesidi
619 2885 779 2939 molestiam
791 2883 919 2950 exhibet,
938 2883 968 2936 in
981 2883 1124 2938 Christum
1140 2898 1259 2953 peccare
1272 2888 1302 2936 et

128 2957 225 3010 Deum
238 2971 433 3008 unrversorum
450 2958 560 3022 patrem
578 2950 697 3005 incitare
711 2951 747 3006 ad
759 2952 840 3021 iram,
858 2957 1029 3022 quapropter
1044 2969 1101 3006 non
1113 2950 1199 3004 vivet.
1233 2949 1300 3020 Ipse

128 3024 229 3144 iftssque
242 3039 357 3092 praeses
371 3020 457 3075 debet
468 3019 573 3074 medici
586 3020 679 3072 locum
692 3019 834 3085 obtinere,
852 3037 909 3074 non
926 3019 1037 3074 bestiae
1054 3018 1165 3074 ratione
1178 3017 1301 3072 carentis

175 3107 261 3144 orem.

200 3155 330 3212 CXLVI.
365 3153 445 3208 Haec
464 3169 497 3208 eo
517 3153 630 3208 dicente
648 3170 702 3224 ego
721 3151 853 3207 Clemens
870 3154 1021 3222 procidens
1038 3153 1183 3207 interram
1196 3153 1302 3206 multus
1317 3150 1320 3156 '

128 3243 208 3280 eram
220 3224 251 3277 in
263 3223 370 3278 orando
384 3222 508 3288 doctore,
522 3226 552 3276 et
561 3222 591 3274 in
604 3221 672 3275 sede
685 3237 769 3290 quem
781 3221 900 3274 maxime
914 3219 1101 3294 deprecanda.
1120 3220 1178 3274 Sed
1190 3219 1302 3272 divinus
1335 3249 1339 3256 ·

130 3418 220 3464 nostre
242 3412 314 3478 Epit.
337 3439 372 3446 -
394 3407 422 3526 23
448 3409 584 3488 ἐχομένου
610 3367 652 3459 1).Ι
665 3437 698 3445 -
742 3407 810 3458 Vita.
843 3409 892 3455 Oct.
920 3407 1032 3483 Vulgata
1042 3404 1117 3453 lectio
1129 3409 1168 3453 est
1178 3405 1206 3483 in
1219 3405 1246 3466 C,
1259 3405 1302 3454 sed

128 3475 157 3544 3)
178 3478 228 3530 ἐπὶ
247 3482 276 3528 Β.
299 3479 403 3530 Scriben
422 3495 464 3527 um
489 3477 600 3526 vrdetur:
628 3472 697 3544 Ἐγὼ
741 3489 797 3523 cum
810 3476 1005 3538 transpontrone
1018 3469 1077 3530 cide
1095 3487 1241 3538 ματρωνας
1252 3488 1301 3521 κα-

130 3548 187 3616 μέν
200 3564 245 3597 τοι
256 3541 369 3614 Κλήμης
379 3580 453 3596 .....
466 3539 628 3614 μεμενηκώς
646 3539 697 3662 {vel
740 3542 807 3593 λεῖν.
820 3567 854 3577 -·-
865 3537 890 3602 6)
906 3543 1001 3590 πεῖσαι
1014 3553 1063 3587 om.
1077 3537 1107 3586 D.

129 3614 218 3682 potius
240 3615 301 3662 Gen.
324 3608 626 3680 absol.).....iro)rtvcr
664 3611 697 3660 πὶ
791 3609 850 3674 Cap.
865 3607 966 3658 CXLV.
994 3600 1021 3673 l)
1039 3599 1091 3670 ἤδη
1109 3605 1160 3655 des.
1177 3605 1205 3655 in
1222 3605 1252 3655 D.
1269 3631 1303 3643 -

131 3677 183 3738 τὰς
205 3677 302 3738 πόλεις
320 3681 377 3731 κτλ.
405 3707 440 3714 -
468 3674 496 3744 4)
518 3674 564 3743 dn)
604 3679 645 3729 sis
668 3678 695 3738 C,
738 3673 810 3740 -2)
823 3675 857 3727 Π.
870 3675 925 3725 Tim
944 3668 969 3733 4,
983 3671 1006 3725 7.
1027 3699 1057 3709 -
1075 3668 1103 3739 3)
1119 3672 1203 3725 τοῦτο
1216 3674 1247 3722 al.
1263 3688 1301 3739 ap.

131 3742 262 3815 διήγγελε
274 3749 318 3796 BD
333 3752 358 3796 et
369 3747 400 3796 al.
415 3763 454 3812 ap.
467 3746 567 3796 Cot-
598 3743 696 3811 )Legit
740 3744 793 3793 Cot.
815 3771 847 3779 -
880 3738 907 3802 4)
928 3734 1053 3793 πιστεύω
1077 3756 1107 3790 er
1130 3741 1203 3804 BCD,
1227 3741 1302 3791 Hom.

130 3815 254 3864 Barthins
274 3815 318 3863 lib.
337 3811 378 3863 32.
409 3813 616 3862 Adversariorum
641 3827 695 3876 cap.
738 3810 855 3875 Epistola
878 3809 1012 3860 Clementis
1034 3808 1065 3857 ed
1091 3808 1209 3858 Iacobum
1233 3823 1254 3858 c.
1278 3805 1302 3870 2,

130 3876 167 3930 14
178 3875 209 3939 ἃς
219 3883 265 3932 καὶ
278 3875 454 3947 ματρώναςὸ
473 3875 555 3946 λόγος
570 3877 629 3930 οἶδε
646 3897 694 3929 κα·
739 3882 824 3926 nostra
840 3877 910 3942 Epit.
928 3882 953 3926 et
968 3877 999 3925 el.
1013 3891 1053 3940 cp.
1073 3875 1135 3937 Cot,
1152 3874 1304 3926 ἐπίστευσα

130 3949 278 4014 torpens
288 3947 600 4012 quidem-transpositione,
610 3961 695 3994 verum
740 3944 806 4006 vulg.
821 3971 855 3979 -
870 3939 898 4009 5)
917 3937 1005 3999 οὕτως
1022 3942 1095 4002 BCD,
1112 3943 1161 4006 Ep.
1177 3941 1254 3990 Clem.
1272 3939 1303 3988 ad

129 4015 235 4065 minime
246 4014 393 4064 necessaris.
423 4015 609 4062 Parmatronas
622 4012 696 4060 intel·
740 4010 818 4060 lael.
831 4026 851 4062 c.
875 4014 899 4059 et
917 4011 940 4059 V
961 4013 1059 4058 nostrae
1080 4007 1164 4072 Epit,
1188 4001 1260 4056 οὕτω
1282 4006 1302 4054 Ο

130 4083 247 4145 ligentur
263 4083 382 4130 honestae
398 4081 518 4142 feminae,
535 4080 640 4128 honesto
652 4093 697 4127 no·
740 4081 840 4126 nostrae
856 4076 925 4142 Epit.
948 4080 973 4125 et
993 4075 1060 4134 vulg.
1082 4099 1110 4108 -
1136 4068 1164 4137 6)
1185 4065 1304 4122 ἐπακού-

130 4147 229 4214 bilique
239 4149 297 4204 loco
312 4152 397 4210 natac,
418 4153 445 4196 ut
462 4147 544 4196 dicere
555 4150 593 4196 est
611 4161 640 4194 cx
653 4145 698 4194 Ce·
743 4154 824 4196 σαντι
836 4146 865 4192 Β.
881 4169 914 4177 -
932 4137 959 4206 ’1)
978 4141 1039 4190 Luc.
1052 4136 1093 4197 22,
1106 4134 1147 4186 28.
1161 4163 1194 4172 -
1210 4132 1238 4203 8)
1251 4138 1303 4204 φέ-

134 4215 212 4265 drcno
225 4220 251 4264 et
263 4215 358 4265 Servio.
375 4209 457 4280 ἑορτὴ
470 4212 526 4265 τῶν
539 4217 698 4279 Ματρωνα-
761 4225 802 4261 ειν
813 4226 861 4259 orn.
874 4209 901 4258 C.
914 4233 948 4242 —
963 4203 988 4270 9)
1002 4221 1030 4254 re
1042 4220 1090 4253 orn.
1103 4205 1134 4252 D.
1147 4205 1197 4252 Cfr.
1211 4205 1301 4253 Matth.

133 4283 203 4334 stus
214 4285 366 4330 memoratur
379 4296 394 4329 a
405 4280 542 4329 Plutarcho
559 4279 586 4327 in
598 4277 700 4328 Romuli
743 4227 778 4326 ic
790 4281 815 4325 et
826 4271 866 4324 18.
900 4329 903 4336 ,

1093 4372 1103 4409 l
