3126 4894
568 351 723 402 srmone
741 353 883 402 rmum.
1249 341 1310 405 211

135 505 207 565 rata,
222 497 275 552 sed
288 497 375 552 etiam
388 497 464 567 quod
476 497 555 551 Petri
568 498 695 552 divinum
707 515 863 552 sermonem
875 499 1114 556 auscultabamus.
1140 499 1211 555 Cum
1222 503 1312 574 igitur

135 583 186 637 per
202 565 322 636 aliquod
339 572 453 634 tempus
469 583 526 619 una
542 582 704 637 ageremus,
722 566 852 620 omnibus
869 573 1021 636 patuerrmt
1037 583 1083 621 res
1105 575 1218 622 nostrae
1235 576 1265 624 et
1281 572 1312 625 in

135 633 261 688 omnium
278 650 326 686 ore
343 633 537 700 versabamur,
559 634 712 702 cunctique
734 633 946 687 admirabantur
968 635 1113 700 universa,
1135 653 1207 705 quae
1228 637 1310 692 nobis

136 701 334 771 contigerant,
352 699 465 768 Dcique
480 717 548 820 erga
560 718 612 754 nos
624 701 814 771 patrocinium
827 700 857 753 in
868 707 966 755 nostra
976 703 1173 774 recognitione
1186 703 1311 758 celebra·

135 769 215 834 bant,
229 768 335 838 quippe
349 767 397 836 qui
408 785 459 836 per
470 785 517 820 mu
531 773 590 821 tum
607 774 720 838 tempus
737 768 773 822 ab
786 769 876 822 altero
890 768 963 822 alter
974 769 1127 824 fuissemus
1141 771 1264 840 separati
1277 789 1310 826 ac

155 837 246 889 erisse
279 841 431 889 uteremur.
1121 857 1124 862 ·

135 855 153 905 p
188 901 267 956 CXL
301 902 321 955 I.
346 901 430 966 Quod
442 919 506 955 cum
518 901 548 955 in
556 907 619 956 tota
628 901 697 956 urbe
708 907 785 956 esset
795 903 1003 974 pervulgatum,
1016 902 1188 958 Antiochiae
1197 906 1311 974 praesul

135 971 171 1024 de
185 970 269 1024 nobis
282 969 402 1023 audiens
416 975 445 1022 et
457 986 530 1038 quae
542 969 663 1040 patriae
676 969 760 1022 matri
772 969 937 1024 acciderant
945 987 1065 1040 esseque
1075 988 1123 1026 eos
1136 971 1233 1042 regiae
1247 973 1310 1026 stir-

135 1037 196 1116 pis,
216 1043 322 1090 cuncta
339 1037 376 1090 ad
393 1035 539 1090 Tiberium
555 1037 757 1106 Imperatorem
770 1043 903 1091 accurate
914 1038 1034 1092 rettulit.
1070 1038 1226 1108 Imperator
1242 1057 1308 1095 vero

136 1106 172 1158 ris
186 1104 322 1175 cognitis,
336 1120 408 1173 quae
420 1103 530 1157 Fausto
541 1104 655 1224 proprio
668 1103 757 1174 ipsius
770 1103 851 1158 affini
869 1112 1031 1172 evenerant,
1044 1104 1217 1161 Antiochiae
1229 1123 1309 1178 prae·

136 1172 193 1224 suli
209 1171 370 1238 mandavit,
388 1176 420 1224 ut
436 1189 501 1225 eum
519 1171 591 1224 simu
620 1189 683 1224 cum
701 1177 789 1226 matre
806 1178 904 1226 nostra
920 1189 1003 1242 quam
1017 1173 1163 1227 celerrime
1175 1174 1310 1229 mitteret.

135 1240 175 1292 Et
194 1239 276 1310 regio
297 1239 377 1292 iussu
402 1245 521 1309 accepto
542 1255 658 1309 praeses
682 1245 792 1308 patrem
817 1245 943 1293 nostrum
966 1246 1003 1294 et·
1019 1246 1137 1294 matrem
1160 1241 1312 1294 arcessivit

135 1323 298 1376 magnoque
311 1323 374 1360 cum
386 1305 492 1360 honore
504 1324 538 1360 ac
551 1305 690 1360 satellitio
704 1323 752 1361 eos
770 1308 805 1360 ad
823 1306 970 1360 Tiberium
983 1305 1134 1361 Caesarem
1149 1307 1235 1360 misit.
1264 1308 1310 1361 In·

135 1374 229 1428 tuitus
243 1379 338 1427 autem
352 1371 457 1427 Caesar
468 1379 578 1442 patrem
590 1379 717 1427 nostrum
730 1379 759 1428 et
770 1379 889 1428 matrem
901 1374 1009 1445 agnitis
1022 1374 1064 1427 eis
1077 1391 1141 1427 cum
1153 1391 1225 1443 quae
1238 1375 1309 1456 ipsis

135 1441 304 1496 acciderant
317 1441 465 1506 audiisset,
480 1441 515 1495 de
527 1458 557 1494 re
571 1441 732 1511 obstupuit,
752 1459 785 1494 ac
799 1441 938 1494 cervicem
957 1441 1017 1494 eius
1031 1441 1193 1511 complexus
1206 1448 1310 1496 acriter

135 1509 225 1562 flevit.
263 1507 398 1562 Cohibito
415 1514 510 1562 autem
528 1508 608 1562 luctu
619 1509 657 1562 ad
675 1514 804 1562 senatum
821 1507 876 1562 ait:
897 1507 1029 1562 Gaudete
1046 1525 1157 1561 mecum
1170 1525 1267 1562 omnes
1281 1516 1310 1564 et

135 1591 286 1631 commune
299 1575 405 1628 festum
417 1593 535 1646 agamus
547 1581 664 1646 propter
680 1575 872 1630 inventionem
885 1575 987 1629 Fausti
1006 1580 1035 1629 et
1048 1574 1220 1629 Matthidiae
1234 1577 1310 1646 quod

135 1661 201 1698 cum
220 1642 324 1696 mortui
346 1648 514 1712 putarentur
533 1643 695 1697 revixerunt
716 1659 835 1712 cumque
855 1642 1009 1714 periissent
1028 1642 1134 1712 reperti
1156 1649 1229 1696 sunt.
1265 1641 1309 1698 Ac

136 1710 247 1764 Caesar
259 1710 344 1778 epulo
357 1710 408 1764 illa
421 1711 467 1764 die
485 1709 563 1764 facto
580 1711 627 1765 vel
644 1711 851 1782 benignissime
872 1727 920 1764 eos
938 1711 1081 1764 tractavit.
1116 1708 1160 1764 Ac
1173 1717 1310 1780 sequente

136 1779 184 1832 die
197 1795 262 1832 cum
274 1783 384 1846 patrem
394 1785 520 1832 nostrum
530 1785 559 1831 et
569 1785 686 1832 matrem
695 1778 874 1845 accersisset,
887 1778 1004 1831 multam
1016 1779 1057 1831 eis
1068 1777 1148 1831 dedit
1158 1779 1311 1848 pecuniam

136 1851 167 1900 et
179 1845 353 1898 vestimenta
371 1852 401 1899 et
419 1862 514 1898 servos
531 1846 707 1914 ancillasque
725 1851 754 1898 et
770 1845 866 1898 luxum
887 1845 1073 1900 ineffabilem.
1108 1847 1197 1899 Erant
1216 1851 1312 1900 autem

137 1931 203 1966 cum
215 1930 321 1982 magna
354 1913 425 1966 loria
437 1913 473 1966 ab
491 1913 621 1966 omnibus
634 1912 765 1966 honorati
782 1913 828 1982 pie
841 1914 971 1967 viventes
987 1914 1162 1982 multumque
1183 1915 1312 1992 pauperi·

135 1981 191 2034 bus
224 1981 333 2034 uotidie
366 1979 486 2034 eneiicia
499 1986 657 2050 erogantes.
686 1979 811 2048 Cumque
825 1999 879 2034 non
894 1981 1025 2052 exiguum
1038 1987 1150 2050 tempus
1163 1981 1311 2046 vixissent,

137 2065 216 2100 omnr
238 2065 271 2100 us
300 2065 371 2116 quae
397 2053 562 2116 supererant
584 2047 659 2100 inter
680 2065 785 2118 egenos
808 2047 939 2118 partitis,
962 2048 991 2102 in
1011 2049 1086 2102 bona
1106 2053 1254 2102 senectute
1276 2049 1314 2102 ad

136 2114 233 2234 DIum
254 2115 440 2186 emigrarunt,
465 2115 640 2184 reipublicae
660 2114 805 2170 Romanae
829 2117 889 2169 vita
913 2133 963 2170 sua
986 2117 1101 2186 pulcrae
1121 2115 1312 2170 recordationi

135 2199 167 2236 re
181 2183 248 2236 icta.

209 2248 339 2302 CXLIV.
376 2247 566 2318 Caeteroquin
584 2266 638 2320 ego
656 2249 788 2303 Clemens
806 2255 836 2303 ct
853 2249 959 2318 Aquila
975 2255 1004 2303 et
1016 2250 1135 2305 Nicetes
1149 2269 1212 2305 cum
1224 2252 1310 2306 Petro

138 2317 272 2386 apostolo
284 2316 438 2370 mansimus
450 2316 579 2386 plurimis
588 2317 672 2436 pagis
682 2334 716 2370 ac
726 2317 838 2386 oppidis
849 2317 946 2370 divina
955 2317 1168 2386 praedicatione
1181 2319 1312 2372 veritatis

139 2401 299 2438 sermonem
312 2383 553 2454 evangelizantes.
613 2391 689 2437 etrus
703 2389 797 2436 autem
811 2383 917 2436 Christi
935 2384 1081 2452 apostolus
1094 2386 1199 2438 multos
1212 2403 1313 2456 aegros

139 2469 244 2505 curans
258 2451 512 2520 daemoniacosque
524 2469 630 2505 sanans
644 2469 677 2504 ac
691 2451 848 2518 complures
865 2457 989 2516 mortuos
1008 2449 1114 2503 domini
1127 2451 1194 2504 Iesu
1206 2450 1314 2505 Christi

139 2524 286 2588 potestate
308 2518 337 2571 in
357 2518 446 2571 vitam
465 2535 616 2584 revocans,
638 2535 688 2587 per
706 2518 811 2636 oppida
833 2523 862 2570 et
881 2517 1013 2587 regiones
1035 2535 1130 2571 secum
1147 2535 1192 2572 me
1206 2519 1312 2572 ducens

139 2604 231 2656 usque
244 2586 303 2640 adi
325 2603 384 2640 sam
398 2585 516 2639 Romam
530 2585 659 2652 devenit,
679 2590 711 2637 ut
725 2586 746 2636 il
759 2585 785 2638 ic
800 2601 911 2654 quoque
923 2585 1053 2637 veritatis
1067 2602 1223 2640 sermonem
1235 2603 1314 2656 prae·

141 2654 259 2708 dicaret.
320 2659 332 2706 t
354 2671 416 2706 curn
434 2653 463 2706 in
479 2652 586 2707 Urbem
603 2653 745 2718 venisset,
758 2653 788 2705 in
807 2652 964 2722 synagogis
983 2656 1012 2704 et
1036 2652 1165 2706 domibus
1186 2653 1313 2721 quotidie

141 2721 241 2775 docuit
259 2737 415 2774 sermonem
432 2720 577 2787 veritatis,
599 2721 759 2789 multosque
779 2736 858 2774 sacro
876 2719 1017 2788 baptismo
1034 2720 1071 2774 ad
1093 2719 1236 2773 Christum
1252 2737 1314 2788 per-

142 2789 224 2841 duxit
238 2788 342 2840 divites
355 2805 559 2858 pauperesque,
572 2788 675 2842 deinde
689 2789 775 2842 etiam
787 2787 935 2840 mulierum
944 2786 1045 2853 claras,
1058 2792 1158 2840 utnon
1171 2786 1212 2839 ita
1224 2787 1313 2840 multo

162 2861 209 2910 ost
225 2873 346 2925 paucum
364 2855 494 2921 abesset,
518 2857 586 2924 quin
609 2873 705 2908 omncs
724 2855 761 2910 ad
778 2873 887 2909 sacrum
903 2854 1076 2924 baptismum
1093 2854 1262 2908 accederent
1285 2859 1315 2908 et

141 2874 207 2977 fleo
220 2923 368 2976 crederent
381 2940 432 2990 per
444 2923 568 2992 apostoli
581 2923 747 2978 doctrinam.

214 2989 328 3044 CXLV.
364 2989 404 3042 At
424 2989 526 3043 Petrus
551 2996 667 3044 sanctus
693 2990 811 3044 Domini
831 2991 993 3060 apostolus,
1015 2989 1064 3058 qui
1103 2995 1197 3060 ropter
1220 3005 1315 3043 veram

142 3057 231 3111 fidem
251 3063 281 3112 et
300 3056 490 3110 firmissimam
509 3058 654 3111 doctrinae
674 3071 741 3112 suae
759 3058 851 3111 basim
863 3057 1013 3112 Ecclesiae
1026 3008 1240 3111 fundamentum
1253 3074 1316 3111 esse

143 3123 282 3180 definitus
296 3130 349 3190 est,
363 3131 448 3194 atque
463 3125 498 3177 ob
511 3125 541 3177 id
554 3125 590 3178 ab
603 3125 665 3194 ipso
679 3125 792 3178 domino
804 3131 901 3178 nostro
913 3125 979 3178 Iesu
989 3123 1103 3179 Christo
1114 3141 1181 3178 vero
1192 3125 1256 3178 Deo
1269 3141 1316 3178 ore

143 3211 202 3248 non
213 3193 312 3247 fallaci
325 3193 565 3246 transnominatus
586 3199 630 3246 est
646 3192 761 3257 Petrus,
781 3191 924 3260 primitiae
942 3191 1061 3244 Domini
1078 3192 1183 3258 nostri3
1203 3197 1315 3260 aposto—

144 3262 235 3316 lorum
258 3260 378 3330 primus,
400 3259 447 3313 cui
463 3261 552 3330 primo
568 3259 655 3314 Pater
671 3258 761 3312 filimn
779 3258 931 3312 revelavit:
955 3274 1039 3326 quem
1063 3256 1193 3310 Christus
1215 3257 1316 3310 merito

142 3513 173 3584 9)
188 3511 381 3586 [ἔμεγάλυνον]
397 3517 544 3582 transcripsi
561 3533 590 3566 ex
608 3516 677 3582 Epit.
692 3532 712 3566 c.
756 3513 805 3566 ἐπὶ
818 3507 916 3578 τούτῳ.
926 3540 960 3549 -
971 3509 999 3581 5)
1012 3511 1172 3572 Μαὶτιδίας
1184 3513 1204 3563 O
1215 3513 1316 3562 othlon.

146 3579 206 3645 142,
230 3584 414 3648 reformavique
447 3584 552 3634 subinde
579 3583 713 3632 lectionem
755 3576 982 3650 —tilyriquet
995 3583 1064 3631 Mon.

145 3646 712 3786 ξ9ῗᾱ·Ογΰῗὺςθακθῷξθόνῳἀπ’ἆλ·
808 3684 868 3749 cap.
893 3683 1007 3732 cxciv.
1043 3679 1068 3746 1)
1092 3677 1215 3754 χώρεσιν
1241 3682 1261 3731 0
1291 3681 1318 3732 in

162 3735 236 3783 ηων
253 3715 299 3785 (ἐπ
326 3719 491 3783 uthloer
517 3719 714 3784 χωρ’σθένάς
755 3756 834 3814 textu,
857 3753 924 3808 ἴσως
944 3745 1061 3802 πόλεσιν
1081 3751 1113 3800 ad
1137 3765 1213 3799 oram.
1234 3749 1320 3800 Habet

145 3787 191 3838 καὶ
204 3781 544 3864 τεθνᾶνοινομισθέντος·
559 3785 643 3834 Tisch.
657 3803 712 3835 vcr-
756 3813 962 3870 &mmmm
974 3819 1043 3868 Mon·
1060 3845 1095 3853 -
1112 3813 1139 3878 2)
1159 3815 1319 3884 (pawm-

146 3851 198 3933 bis,
217 3869 280 3916 quae
293 3858 367 3902 stram
380 3870 406 3902 m
421 3855 478 3903 Par.
492 3862 516 3902 et
528 3854 596 3902 Mon.
610 3853 712 3918 reperit,
757 3887 834 3944 wgo
848 3891 872 3936 et
884 3887 911 3935 M
912 3901 951 3935 on·
965 3901 1012 3934 sec!
1026 3901 1109 3934 manu·
1118 3911 1153 3920 -
1162 3881 1188 3946 3)
1201 3887 1269 3934 Mon·
1280 3881 1319 3932 δὲ.

147 3921 431 3988 τους-χωρισθέντος
465 3925 490 3968 et
523 3922 713 3986 νομισθέντας

145 4003 196 4036 non
216 3987 318 4037 mutatis
340 3987 367 4036 in
391 3987 439 4037 flue
463 3985 561 4052 periodi
584 3987 711 4053 supplevit
805 3986 864 4052 Cap.
878 3986 978 4037 CXLV.
1014 3981 1041 4042 1)
1058 3979 1137 4036 Ἀλλὰ
1159 3985 1268 4048 Πέτρος
1289 3982 1318 4041 0,

145 4049 327 4122 fprysiluvov.
388 4053 393 4062 “
754 4054 862 4118 Πέτρος
874 4070 903 4103 τε
915 4053 948 4102 V.
983 4049 1246 4100 Manusreoentiorin
1259 4047 1319 4096 Cod.

755 4119 918 4169 Ottobouiani
940 4119 1052 4180 margine
1075 4115 1189 4198 scripsit:
1209 4111 1248 4194 ‘'Jl
1256 4112 1319 4164 fur«

200 4188 260 4254 Cap.
286 4187 401 4238 CXLIII.
444 4184 471 4254 1)
494 4188 552 4236 Par.
577 4182 653 4238 κατὰ.
677 4214 710 4224 -
755 4181 839 4249 στολὴ
880 4178 1043 4254 Κλήμεντος
1078 4200 1100 4232 π
1119 4201 1151 4240 ος
1181 4178 1320 4246 ‘luxuriosa

145 4252 174 4322 2)
188 4253 295 4318 πολλῆς
308 4253 444 4322 reperierat
462 4249 556 4319 δόξηςε
574 4255 614 4305 his
629 4254 711 4304 verbis
753 4253 832 4302 Nulla
843 4257 926 4302 textus
943 4251 1028 4300 sectio.
1049 4278 1082 4286 —
1101 4200 1130 4308 g)
1152 4249 1281 4316 Χριστοῦ
1299 4249 1319 4298 0

146 4323 199 4372 exit
223 4323 391 4385 fragmentum
418 4321 599 4372 Tischendorfii
617 4322 711 4372 Parisi-
755 4326 779 4370 et
799 4321 867 4369 Mon.
893 4345 927 4354 -
949 4313 977 4384 3)
1004 4311 1019 4370 ὁ
1040 4333 1088 4368 om.
1110 4319 1130 4367 0
1153 4323 1177 4366 et
1198 4317 1267 4366 Mon.
1287 4342 1321 4351 —

148 4385 302 4448 num-3)
316 4405 345 4440 τε
357 4390 474 4438 om.0et
485 4385 632 4453 Mon-4)
642 4391 711 4438 Mon.
753 4381 782 4455 4)
796 4383 957 4453 obtqtriOet
972 4386 1040 4436 Mon.
1058 4411 1090 4420 ——
1110 4380 1138 4452 5)
1158 4379 1216 4435 ὑπὸ
1233 4401 1257 4450 p.
1272 4379 1318 4434 tw

810 4459 815 4473 '
1112 4466 1154 4510 14*
