3162 4900
330 340 334 348 '
359 351 710 402 mosuunumsaou.
724 352 1094 408 oumrsnuoumms.
1247 340 1310 404 263

136 503 267 572 λόγιισιις,
281 517 366 570 quom
378 506 499 569 utraque
509 497 585 568 Epit.
598 497 718 577 praebet
750 515 794 554 ro:
808 497 1048 571 συνωμολόγησας.
1058 529 1091 538 -
1104 497 1137 554 V.
1152 499 1197 552 14:
1209 502 1309 561 verbm

137 573 186 624 ἐπὶ
199 572 270 622 πᾶσι
285 575 344 629 τοῖς
356 575 449 628 κακοῖς
468 567 616 635 ὑπέβαλεν,
640 565 714 635 signi
737 583 802 620 care
820 584 878 621 nou
920 569 1033 618 osrunt:
1056 565 1206 632 „omnibus
1228 570 1309 622 malis

137 635 325 721 οιτλιροοετίλίι
361 633 521 688 Genuinam
535 633 703 700 scripturam
723 632 843 702 porrigit
855 650 888 686 co
911 675 916 686 .
931 632 954 686 0
967 631 1043 700 Epit.
1057 633 1173 686 alterius
1186 633 1309 689 hancce:

135 725 222 759 κιικον
235 707 284 757 ἐπὶ
297 705 366 756 πᾶσι
379 709 438 762 τοῖς
450 708 544 761 κακοῖς
558 699 699 769 ὑπέλαβεν,
734 718 797 753 uam
811 700 898 754 ctiam
912 698 1074 753 Dresselius
1089 699 1119 752 in
1136 701 1220 754 huius
1232 703 1308 772 Epit.

137 769 168 824 C.
182 770 343 822 XXXVIII
362 767 478 836 recepit.
515 765 588 820 Sunt
607 776 700 845 autem
714 717 792 822 (iace
813 768 899 822 verba
921 768 961 820 ita
979 766 1160 835 explicanda:
1185 771 1308 836 „malum

131 840 218 907 juxta
230 853 329 890 omnes
344 836 433 889 malos
448 835 590 901 habuerit,
605 834 834 888 existimaverit.“

205 904 237 958 P.
251 905 309 971 101,
323 906 339 956 5
352 921 393 974 sq.
408 919 494 971 quum
509 901 589 954 codd.
603 901 678 969 Epit.
692 902 740 956 Dr.
753 918 803 971 pro
815 899 856 975 μὴ
871 906 963 958 θέλων
975 901 1020 954 vel
1033 906 1126 958 θέλειν
1138 903 1308 971 praebeant:

135 975 208 1044 μηδὲ
221 976 325 1036 θέλειν,
338 970 379 1023 ita
390 969 503 1022 videtur
515 967 709 1022 scribendum:
722 975 767 1026 ἵνα
778 967 817 1040 μὴ
831 967 903 1029 δόξω
914 967 958 1043 μὴ
971 967 1125 1039 ἀντιλέγειν
1135 989 1187 1024 σου
1200 974 1233 1045 τῇ
1241 970 1308 1027 ἀτα-

137 1045 183 1108 ξίᾳ
195 1062 215 1112 μ
237 1041 268 1093 «li
285 1043 381 1094 θέλειν
394 1042 490 1106 ζητεῖν.
507 1035 633 1090 Verbum
648 1041 742 1092 θέλειν
752 1037 837 1090 etiam
848 1053 912 1088 cum
924 1036 1077 1108 ἀντιλέγειν
1087 1040 1309 1092 const-ruendum

136 1113 190 1159 cst.
220 1061 288 1158 bon
301 1103 460 1172 adstipulor
471 1102 519 1171 iis,
539 1120 612 1172 quae
625 1108 738 1157 tentata
755 1103 861 1158 suntin
873 1103 967 1157 adnot.
979 1104 996 1155 6
1008 1106 1044 1156 ad
1057 1103 1149 1173 Epist.
1161 1105 1264 1174 prioris
1278 1105 1308 1160 C.

135 1172 278 1226 XXXIX.
292 1205 326 1211 -
338 1171 373 1224 V.
387 1171 419 1222 18
427 1188 480 1238 pro
495 1172 568 1241 ἔλεγε
582 1170 774 1226 scribendum:
789 1169 850 1242 ἐγὼ
862 1175 960 1240 λέγω,
975 1176 1038 1224 aut:
1052 1177 1144 1241 λέγω.

205 1241 237 1293 Ρ.
253 1240 332 1305 1037
344 1254 434 1306 aeque
448 1244 535 1308 atque
548 1256 574 1306 p.
588 1237 646 1304 184,
658 1237 682 1305 7,
696 1237 720 1300 8,
735 1240 767 1292 10
779 1238 937 1292 secuudum
950 1237 1079 1292 codicem
1094 1238 1117 1292 0
1131 1255 1182 1308 pro
1189 1247 1311 1296 Μωϋσεῖ

136 1307 322 1360 scribendum
334 1315 405 1358 erat:
422 1307 543 1378 Μωϋαῇ,
557 1321 631 1374 quoe
643 1304 735 1359 forma
748 1324 774 1375 p.
782 1307 840 1371 336,
850 1307 868 1374 ,1
880 1311 908 1358 et
919 1323 946 1373 p.
956 1306 1015 1370 350,
1028 1306 1062 1357 14
1072 1305 1102 1357 in
1113 1315 1236 1376 utroque
1248 1307 1306 1360 Ho—

136 1373 280 1428 miliarum
293 1375 393 1426 codice
408 1373 554 1440 reperitur.
565 1401 599 1410 -
612 1371 747 1425 Similiter
758 1391 785 1441 p.
796 1373 853 1439 104,
867 1374 899 1425 17
912 1371 1077 1439 recipienda
1090 1378 1152 1426 erat
1162 1373 1269 1427 codicis
1284 1372 1307 1426 Ο

137 1441 282 1560 ppriptura
292 1442 429 1505 Μωϋσῆν,
443 1455 528 1509 quam
540 1437 658 1510 reliquis
674 1439 743 1517 locis
754 1439 885 1518 omnibus
898 1444 1020 1518 uterque
1030 1439 1120 1492 codex
1132 1439 1262 1508 porrigit.
1275 1473 1309 1523 Ἴ

184 1526 226 1578 sq.
238 1525 338 1560 mirum
353 1512 409 1573 est,
427 1505 606 1558 nullumdum
625 1504 778 1560 offendisse
796 1524 825 1558 rn
843 1506 952 1560 verbis:
969 1511 1014 1560 καὶ
1025 1513 1191 1576 χωσθέντας
1209 1511 1257 1563 inl
1269 1530 1308 1578 τῳ

139 1574 220 1698 τιύγρῳ
232 1573 336 1658 ῥουνὸγ
348 1575 509 1656 ἔπιθυγριῶν
529 1576 812 1694 ppo‹rrrycoptstoripparii.9
823 1569 1028 1709 'Scribpndurm
1039 1574 1161 1694 piideppirp:
1172 1579 1225 1694 ικαὶ
1238 1596 1309 1694 χαΐ-

118 1723 123 1730 ·
136 1660 484 1780 6556τ166516ε166666
494 1660 625 1763 Lopopg
639 1724 681 1776 sq.
695 1659 1051 1775 recididdddweiaibb‘IdVO
1065 1659 1310 1778 {dripduidipirbic

137 1780 169 1831 dl
183 1775 283 1837 σκότος
301 1781 345 1829 καὶ
361 1773 470 1846 γνόφος
487 1779 532 1828 καὶ
549 1771 651 1830 θύελλα
664 1783 786 1830 συνεῖναι
805 1772 931 1830 ἐδύνατο.
962 1775 1050 1830 Verbi
1064 1775 1218 1846 singularis
1231 1776 1307 1831 idem

137 1862 207 1897 usus
222 1851 265 1896 est
275 1861 303 1910 p.
316 1843 374 1909 249,
388 1844 428 1906 12,
442 1841 541 1893 similis
558 1859 585 1910 p.
601 1842 657 1908 108,
673 1843 704 1895 13
721 1849 750 1895 et
762 1843 834 1894 locis
847 1841 876 1894 in
889 1843 954 1896 adn.
967 1843 1043 1912 adp.
1060 1843 1117 1911 108,
1130 1845 1163 1898 13
1176 1843 1308 1897 citandis.

205 1911 237 1962 P.
250 1911 308 1978 106,
323 1911 354 1963 17
367 1909 562 1963 scribendum:
576 1911 621 1977 τῷ
633 1911 663 1963 δὲ
675 1915 720 1963 καὶ
732 1915 830 1965 εἰπεῖν.

207 1978 237 2030 P.
251 1979 309 2042 107,
322 1977 338 2029 9
352 1977 442 2030 codex
456 1974 479 2030 Ο
498 1975 632 2045 praebet:
649 1975 682 2030 τά
698 1975 751 2048 έμά
769 1977 892 2051 πρόβατα
911 1974 1043 2032 ἀκούουσι
1061 1979 1109 2044 τῆς
1125 1980 1193 2052 ἐμῆς
1223 1981 1307 2047 συνῆς.

135 2045 264 2100 Verbum
280 2045 391 2114 plurale
408 2061 465 2122 non
485 2044 577 2121 solum
593 2061 650 2097 non
666 2047 788 2113 recepit,
807 2061 903 2098 verum
921 2045 1005 2096 etiam
1023 2046 1151 2113 ineptum
1166 2000 1310 2114 judicavit

135 2111 309 2167 Dresselius.
338 2111 448 2179 Injurra
464 2112 586 2180 quidem.
616 2109 701 2178 Apud
714 2112 852 2166 Ioannem
864 2110 901 2172 X,
914 2113 946 2164 27
960 2129 1028 2164 sane
1042 2111 1177 2180 scriptum
1189 2112 1308 2183 legitur:

139 2179 173 2235 τὰ
186 2178 311 2249 πρόβατα
323 2178 357 2233 τά
369 2180 421 2250 ἐμὰ
434 2181 481 2245 τῆς
493 2181 588 2249 ρων”ς
600 2201 657 2249 μου
669 2177 769 2242 ἀκούει,
784 2188 813 2232 at
825 2179 966 2249 pergitur:
978 2185 1024 2234 καὶ
1035 2179 1307 2256 ἀκολούθουσίνμοι,

138 2255 169 2302 et
184 2248 281 2316 paullo
299 2253 374 2312 ante,
392 2265 416 2298 v.
430 2247 470 2311 15,
483 2200 723 2299 haecbabentur:
740 2246 911 2310 κάκεῖνα(τά
928 2246 1063 2366 πρόγγτα)
1081 2249 1126 2302 δεῖ
1138 2268 1175 2321 με
1185 2249 1307 2328 ἀγαγεῖν,

135 2322 183 2371 καλ
196 2319 244 2382 τῆς
256 2315 351 2385 (scilic
386 2336 418 2368 ου
430 2312 608 2368 ἀκούσουσιν.
627 2312 651 2365 Ν
656 2329 688 2365 ec
702 2331 768 2366 vero
779 2313 835 2366 sibi
848 2320 977 2366 constit-rt
1012 2314 1155 2380 rescolius,
1165 2333 1220 2368 ursi
1231 2317 1308 2386 quod

137 2382 350 2450 etiamp.lll,l
382 2387 457 2434 -et
469 2379 646 2448 probabilius
659 2379 1306 2450 quidem—codicisOscripturamdv'ravrm
1403 2439 1406 2448 ,

137 2451 308 2520 posthabuit
321 2447 439 2502 lectioni
451 2447 579 2510 δύναται,
597 2455 729 2518 quaeest
745 2447 772 2499 in
787 2448 849 2500 cod.
864 2445 894 2514 Ο,
908 2453 974 2516 etp.
988 2447 1045 2515 172,
1059 2448 1073 2500 1
1087 2465 1144 2500 non
1161 2452 1307 2516 συνῆπτον

138 2535 172 2571 ex
186 2517 286 2570 codice
300 2514 333 2581 O,
355 2516 405 2568 sed
425 2517 596 2582 συνήπτοντο
616 2515 678 2568 cod.
697 2513 719 2566 C
738 2513 888 2568 verborum
906 2514 934 2566 in
953 2515 1174 2583 perpetuitatem
1192 2516 1307 2585 recepit.

137 2584 168 2638 P.
181 2585 225 2649 40,
240 2585 341 2653 l3sqq.
355 2581 462 2635 editum
476 2581 609 2650 legimus:
647 2589 707 2653 υρία
719 2581 786 2636 κακὰ
798 2613 832 2620 -
844 2581 1027 2638 ίπεθόλωσαν
1038 2613 1071 2638 .—
1084 2588 1129 2636 καὶ
1142 2582 1192 2638 οὐκ
1204 2589 1308 2651 εἴασαν,

138 2650 268 2722 quamvis
290 2651 352 2703 cod.
373 2647 405 2701 O.
424 2649 575 2718 praebeat:
598 2669 698 2712 εασεν,
718 2649 799 2718 p.56,
813 2649 843 2700 11
858 2667 904 2718 sq:
921 2647 1002 2704 ἅτινα
1019 2679 1053 2688 -
1074 2650 1308 2724 ἔκμεμαθήκασιν,

138 2738 165 2788 p.
181 2717 353 2804 130,18sq.:
375 2721 435 2778 πῶς
453 2715 504 2788 γὰρ
524 2715 575 2786 ούχ
595 2715 775 2789 ἁμαρτήματά
795 2721 850 2770 εἰσι
870 2715 903 2771 τὰ
915 2715 1045 2786 θορύβων
1057 2747 1087 2756 ·-
1102 2723 1190 2782 αλτιας
1209 2736 1236 2787 p.
1249 2718 1308 2783 240,

139 2789 171 2839 16
185 2804 260 2855 sqq.:
274 2783 307 2840 τὰ
319 2783 461 2854 ακάθαρια
474 2782 625 2857 πνεύματα,
641 2784 720 2839 ἅτινα
729 2815 762 2824 -
773 2785 915 2850 ποιοῦσιν,
927 2792 973 2840 καὶ
986 2814 1014 2822 -
1031 2785 1253 2855 περιβάλλουσιν,
1264 2790 1310 2839 καὶ

137 2885 170 2893 -
183 2855 365 2974 specuium,
378 2869 405 2919 p.
417 2851 475 2929 400,
490 2852 522 2903 16
532 2868 590 2921 sq.:
601 2850 794 2930 τάσπέργιατα
804 2850 1013 2924 ἀποκρίνονται.
1027 2850 1178 2930 Cipetiam
1185 2851 1307 2921 ρ.329,5.

230 2919 314 2986 .108,
328 2919 366 2972 13
383 2925 531 2996 utriusque
551 2919 658 2998 codicis
679 2925 823 2997 pmrptura
842 2919 984 2997 ἀπέθανεν
1006 2919 1072 2973 ferri
1096 2924 1192 2988 potest
1214 2935 1307 2999 aeque

138 2985 608 3174 ρῇυὸαθλοιρρὲῖριὲ42ἒὲἓφιρ1τιαεαυο
622 2987 687 3039 libri
700 3005 781 3040 mscr.
795 2987 896 3040 lectio:
915 2990 1033 3059 ἐγένετο,
1047 2993 1115 3056 etp.
1128 2986 1186 3056 143,
1198 2987 1215 3040 8
1228 2985 1307 3040 οοὼ.

206 3123 239 3177 P.
254 3123 284 3174 11
306 3163 312 3187 ,
335 3123 347 3173 1
367 3137 421 3173 scr.
439 3121 515 3199 ὅμως
525 3138 591 3188 pro:
611 3119 694 3192 ὅμως.
711 3151 745 3160 -
762 3120 796 3174 V.
815 3121 832 3172 2
851 3140 909 3176 σου
928 3127 989 3176 erat
1001 3121 1161 3176 audiendus
1175 3120 1306 3192 Sohwcg-

140 3190 225 3244 lerus.
257 3188 396 3243 Codicum
413 3204 486 3240 emm
504 3185 525 3240 C
544 3193 573 3240 et
590 3185 614 3240 0
633 3187 719 3240 lectio
738 3187 896 3243 sanissima.
917 3218 950 3226 -
970 3189 1004 3243 V.
1026 3191 1043 3242 5
1063 3206 1116 3242 nec
1139 3189 1309 3243 vocabulum

139 3257 237 3327 νύχιος
254 3256 322 3310 ferri
338 3261 436 3324 potest
454 3262 483 3308 et
501 3272 573 3324 opus
590 3260 683 3308 estut
702 3251 824 3306 Simonis
842 3254 947 3308 mentio
963 3255 1117 3324 injiciatur.
1148 3253 1309 3308 Genuinam

140 3325 312 3393 scripturam
325 3327 486 3376 monstrant
499 3323 583 3374 codd.
595 3320 671 3390 Epit.
683 3319 743 3389 Dr,
756 3321 784 3372 in
798 3321 902 3392 quibus
914 3339 980 3390 pro:
997 3321 1091 3390 νύχιος
1104 3320 1140 3382 ὡς
1152 3323 1200 3374 ἐπὶ
1214 3321 1308 3392 Τύρον

140 3395 189 3476 ζῇς
202 3396 336 3460 Φοινίκης
349 3388 518 3512 ἐξώρμησεν,
531 3387 841 3474 εστίρῒιισιὶιορυτίλῑιττ
855 3388 968 3472 ,φυγὰς
987 3387 1002 3442 ὁ
1022 3394 1140 3461 Σίμων
1157 3393 1197 3448 εὶς
1216 3386 1310 3458 Τύρον

141 3479 239 3578 ’1631
253 3457 1309 3596 30000131110λὲ0110λλλλρῖλλὲλλλῗλιααι

139 3598 250 3662 partem
264 3609 297 3645 ex
309 3591 419 3662 Evang.
432 3591 534 3646 Matth.
620 3591 655 3659 V,
664 3591 698 3643 49
707 3609 769 3660 sqq.
782 3591 960 3658 deprompta,
973 3590 1009 3643 ab
1023 3589 1079 3642 alia
1088 3606 1173 3643 mauu
1185 3589 1223 3643 ad
1234 3606 1310 3643 mar-

164 3661 240 3712 inem
253 3659 399 3727 adscripta
412 3664 441 3712 et
452 3659 573 3712 subinde
585 3665 692 3712 temere
705 3659 856 3712 verborum
868 3659 897 3711 in
910 3657 1129 3727 perpetuitatem
1142 3656 1224 3711 illata
1236 3662 1310 3710 sunt.

170 3727 327 3780 ransmissa
348 3733 443 3780 autem
465 3732 532 3779 sunt
551 3728 651 3794 verba,
672 3727 793 3798 quaein
812 3724 863 3780 Ev.
879 3724 982 3778 Mattb.
994 3723 1102 3792 XXIV,
1114 3723 1148 3778 48
1165 3731 1194 3779 ct
1213 3725 1243 3778 in
1259 3723 1310 3778 Er.

140 3793 211 3847 Luc.
225 3793 292 3859 XII,
308 3791 342 3846 45
359 3801 426 3848 ante
442 3793 493 3846 illa
514 3794 696 3862 reperiuntur
712 3793 815 3862 posita.
841 3790 926 3847 Certe
944 3792 1136 3846 necessarium
1159 3797 1222 3846 erat
1243 3797 1310 3846 ants

139 3867 185 3915 καὶ
197 3860 309 3980 ἄρξρρται
322 3860 460 3916 inserere:
479 3861 526 3917 ἐὰν
539 3863 570 3916 δὲ
587 3867 660 3934 εἴπῃ.
688 3859 844 3915 Praeterea
860 3861 959 3930 inepta
978 3865 1022 3914 est
1033 3859 1175 3930 particula
1185 3865 1231 3914 καλ
1243 3864 1310 3914 anto

143 3928 156 3946 ⁰
173 3949 196 3982 ει
211 3945 244 3981 co
269 3935 361 3981 ocata.

140 3933 171 3996 ηξ
206 3995 238 4046 Ρ.
253 3995 310 4062 112,
321 3997 336 4046 7
347 4013 389 4064 eq.
403 4001 495 4048 tentet
504 3994 623 4064 aliquis:
637 3993 668 4049 τὸ
682 3996 713 4048 δὲ
726 3993 833 4056 πάντας
844 3996 1050 4066 φιλαρχοῦντας
1061 3994 1102 4047 ἑνὶ
1110 3991 1190 4062 μόνῳ
1203 3990 1313 4052 ὑπεῖξαι

139 4061 178 4131 μὴ
191 4068 293 4124 θέλειν,
307 4067 421 4118 αἰτίαν
434 4067 486 4116 καλ
499 4065 660 4135 διαιρέσεως
672 4059 785 4122 πάντως
795 4068 838 4116 καὶ
853 4064 912 4116 τού
924 4067 1088 4129 περιπεσεῖν
1100 4063 1220 4129 ἔχουσιν.

208 4129 239 4182 Ρ.
255 4129 311 4194 113,
326 4130 358 4181 16
371 4147 412 4200 sq.
426 4129 579 4184 censebam
593 4127 787 4182 scribendum:
805 4128 840 4190 ὠς
851 4127 941 4200 πατὴρ
953 4127 1042 4183 ἀποδε
1062 4123 1310 4198 όμενος(1>τοάιλι-

140 4203 308 4271 κουμένοις),
319 4197 380 4265 jam
393 4203 546 4266 antequam
560 4195 740 4249 memineram
753 4195 818 4260 loci,
832 4197 879 4265 qui
894 4148 1135 4272 estHom.iI,15,·
1163 4193 1218 4260 .53,
1231 4191 1310 4260 2sq.:

140 4262 177 4384 ώῖς
188 4262 281 4384 πατιλρρ
292 4263 505 4339 ἀποδεχόμενος
517 4263 551 4319 τὰ
562 4262 650 4318 αύτού
661 4267 749 4318 τέκνα.
762 4293 794 4300 -
807 4263 844 4317 Vr
854 4264 887 4316 18
899 4262 1096 4332 reponendum
1109 4211 1236 4314 vrdetur:
1252 4257 1267 4326 ἥ
1280 4281 1309 4314 τι

139 4347 239 4386 osrce
267 4374 273 4386 .
