3126 4894
567 304 721 354 6111666
739 305 850 355 aaron.
1258 289 1295 352 71

128 473 214 528 neque
227 473 277 510 eos
291 472 363 524 quos
375 452 511 522 diligunt,
526 468 627 505 uxores
641 451 768 521 inquam,
785 457 815 504 et
827 449 903 504 filios
919 455 1006 520 atquc
1018 452 1125 505 amicos
1136 451 1175 505 ad
1186 452 1240 506 hoc
1251 469 1297 506 ex·

128 525 278 579 hortentur.
316 521 388 576 Nam
403 522 427 572 si
440 518 598 584 crederent,
610 519 698 572 vitam
711 525 855 572 aeternam
874 535 936 570 cum
948 518 1032 572 bonis
1045 519 1176 588 operibus
1189 519 1218 572 in
1229 520 1297 590 bap·

127 593 207 646 tisino
220 609 238 644 a
249 589 317 643 Deo
330 588 438 653 donari,
451 589 536 656 plane
549 604 597 640 eos
610 603 679 656 quos
692 587 848 658 diligerent
860 585 897 640 ad
915 585 995 638 illurn
1012 585 1223 655 suscipiendum
1235 585 1298 639 1161-

128 665 258 714 16166161.
277 656 399 721 Quando
413 655 534 723 denique
549 671 597 708 eos
611 654 709 707 vident
720 661 878 724 aegrotare,
892 653 980 706 autin
992 655 1090 707 1661116
1100 653 1174 706 viam
1185 654 1298 720 abduci,

125 735 173 782 ant
186 726 245 780 alia
257 725 381 779 molesta
394 723 543 789 sustinere,
556 739 607 776 cur
617 727 735 792 gemunt
747 739 782 776 66
800 722 940 776 ducuntur
957 721 1224 775 commiseratione?
1253 721 1299 775 lta

128 796 151 848 si
163 794 322 859 crederent,
335 792 432 862 iguem
444 795 612 860 perpetuum
624 807 736 843 manere
750 807 799 844 eos
812 791 861 860 qui
874 790 967 842 Deum
980 805 1036 843 non
1048 789 1155 855 colunt,
1168 806 1226 842 non
1238 805 1298 844 ces-

127 868 219 916 sarent
236 877 354 914 monere
370 859 415 912 vel
435 876 467 910 su
488 875 518 910 er
536 856 595 910 illis
611 858 721 926 plorare
733 863 763 910 et
774 859 901 928 graviter
913 855 1021 923 dolere,
1040 857 1106 910 dum
1118 873 1167 910 eos
1181 861 1299 911 cernunt

127 948 179 983 666
198 928 308 982 habere
329 925 423 979 fidem.
487 930 555 994 tque
578 941 653 978 nunc
679 923 822 994 hospitam
844 927 990 980 evocatam
1017 924 1211 995 interrogabo,
1232 942 1299 977 num

127 998 217 1068 legem
229 1001 361 1049 nostram
372 993 444 1046 velit
456 991 605 1063 amplecti,
624 999 653 1046 et
666 992 708 1045 ita
719 999 927 1063 consequenter
943 1010 1014 1074 quae
1028 999 1139 1063 oportet
1152 991 1298 1046 faciemus.

127 1063 215 1118 Mater
235 1069 336 1118 autem
352 1067 461 1127 vestra,
479 1060 612 1140 quoniam
627 1064 711 1130 prout
730 1060 813 1114 decet
829 1060 943 1115 fidelem
959 1079 988 1114 ι6
1008 1060 1152 1130 baptisma
1174 1059 1300 1114 66161616
1354 1075 1359 1082 ·

127 1137 178 1198 661,
191 1136 260 1184 ante
272 1129 449 1200 baptismum
460 1129 568 1181 ieiunet
579 1145 635 1181 uno
649 1127 704 1180 die.

191 1213 301 1268 CVIII.
336 1211 377 1266 At
391 1212 444 1266 illa
458 1212 584 1277 iurabat,
603 1228 633 1264 sc
652 1211 761 1266 duobus
780 1213 971 1282 superioribus
988 1212 1103 1278 diebus,
1126 1211 1192 1264 dum
1204 1217 1299 1266 narrat

127 1283 238 1336 mulieri
250 1279 460 1352 recognitionis
473 1287 619 1345 eventum,
632 1296 699 1349 prae
712 1280 801 1334 multo
813 1281 919 1351 gaudio
933 1280 1027 1334 cibum
1041 1298 1096 1332 non
1109 1279 1230 1348 cepisse,
1243 1279 1299 1332 nisi

127 1350 217 1420 pridie
231 1351 381 1402 dumtaxat
393 1347 519 1416 paullum
533 1363 630 1416 aquae.
654 1346 708 1400 Cui
723 1347 880 1402 iuramento
893 1353 923 1401 et
934 1365 1003 1400 uxor
1014 1347 1093 1400 Petri
1105 1346 1300 1400 testimonium

125 1418 259 1487 praebuit
273 1417 382 1482 dicens,
396 1431 461 1468 vere
474 1432 536 1468 earn
549 1414 622 1468 nihil
633 1420 773 1484 gustasse.
807 1415 847 1468 Et
863 1415 890 1468 A
910 1416 970 1468 uila
986 1415 1041 1468 ait:
1067 1414 1148 1469 Nihil
1162 1431 1231 1485 ergo
1249 1415 1299 1468 im·

126 1485 204 1554 pedit
218 1502 293 1550 eam,
308 1483 420 1537 domine
432 1483 480 1549 mi,
493 1481 629 1536 1161116166
642 1483 688 1535 die
705 1482 853 1552 baptizari.
890 1433 963 1536 ium
981 1483 1082 1536 Petrus
1090 1500 1101 1534 :·
1121 1480 1161 1536 At
1176 1481 1231 1535 hoc
1243 1501 1299 1536 non

125 1559 169 1606 661
180 1551 322 1622 baptismi
335 1549 480 1615 ieiunium,
513 1550 723 1618 nandoquidem
736 1567 790 1603 nec
801 1556 952 1620 propterea
963 1549 1071 1604 factum
1083 1555 1136 1604 est.
1171 1549 1209 1601 Et
1226 1550 1300 1603 Fau-

124 1621 284 1674 stinianus:
308 1618 364 1672 Sed
376 1618 498 1671 fortasse
538 1635 590 1671 eus
607 1619 705 1671 volens
718 1623 836 1671 matrem
848 1624 973 1673 nostram
986 1635 1021 1672 ne
1039 1635 1095 1671 uno
1109 1615 1223 1686 quidem
1235 1623 1300 1686 post

123 1687 353 1758 recognitionem
372 1685 418 1738 die
436 1703 454 1738 6
474 1692 572 1738 666116
591 1703 689 1738 mensa
714 1685 852 1765 separari,
879 1685 933 1740 hoc
958 1685 1094 1740 ieiunium
1119 1684 1299 1754 praestruxit

126 1756 206 1810 Sicut.
218 1755 297 1808 enim
310 1755 339 1806 in
352 1753 531 1824 ignoratione
545 1753 673 1806 servavit·
699 1753 848 1806 udrcitiam
866 1753 896 1806 id
913 1755 987 1824 quod
999 1753 1149 1807 veritatem
1163 1752 1246 1806 decet
1257 1751 1299 1806 fa·

125 1824 214 1888 ciens,
229 1823 315 1876 itaet
328 1820 580 1874 nuncDeusforte
593 1771 719 1890 providit
736 1839 797 1875 eam
816 1828 882 1876 ante
899 1839 984 1876 unum
1001 1821 1076 1874 diem
1094 1821 1124 1874 in
1137 1820 1300 1892 ignorantia

125 1891 254 1944 ieiunare
267 1907 318 1959 616
330 1906 396 1942 vero
408 1889 560 1957 baptismo,
573 1894 605 1942 61
618 1906 635 1942 6
647 1889 736 1958 611166
750 1889 795 1944 die
809 1907 863 1960 quo
876 1908 927 1944 nos
940 1889 1058 1962 agnovit
1075 1889 1224 1943 nobiscum
1237 1905 1299 1958 pos·

128 1965 173 2012 set
185 1959 276 2012 etiam
291 1958 379 2010 salem
393 1973 444 2010 seu
455 1956 550 2010 cibum
562 1956 716 2026 percipere.

194 2041 272 2094 CIX.
303 2041 376 2094 Tum
389 2041 491 2094 Petrus
507 2040 551 2095 Ne
569 2058 632 2108 vos,
651 2040 758 2110 inquit,
776 2042 873 2094 vincat
889 2042 999 2096 malitia
1016 2047 1193 2112 praetextum
1214 2047 1301 2094 66616

124 2108 337 2188 providentiam
350 2114 379 2164 et
391 2107 489 2162 matris
502 2125 631 2164 61661616.
667 2107 724 2162 Sed
735 2108 831 2178 potius
843 2126 893 2162 vos
907 2116 936 2163 61
946 2127 1000 2180 ego
1012 2109 1159 2163 vobiscum
1172 2107 1257 2162 hodie
1270 2108 1299 2161 in

123 2177 234 2230 ieiunio
247 2193 475 2246 permaneamus,
493 2181 522 2228 et
535 2193 597 2230 6166
610 2175 810 2246 baptizabitur.
845 2175 929 2231 Hunc
946 2177 975 2230 in
995 2177 1108 2230 modum
1125 2177 1237 2230 locutus
1255 2182 1300 2229 661

123 2245 244 2310 Petrus,
267 2243 419 2312 cunctique
437 2243 557 2297 orationi
575 2244 685 2297 assensi
703 2261 805 2296 sumus.
841 2243 932 2298 Multo
951 2251 1047 2298 autem
1066 2246 1202 2298 maturius
1216 2261 1300 2313 quam

124 2312 258 2381 quotidie
277 2311 389 2364 solebat
405 2311 507 2364 Petrus
520 2317 699 2380 experrectus
712 2312 750 2365 ad
767 2329 818 2364 666
831 2312 977 2383 ingressus
989 2319 1047 2378 661,
1061 2330 1131 2380 quos
1144 2329 1241 2364 somno
1254 2328 1300 2364 ex·
1353 2309 1360 2322 '

123 2379 243 2444 citavit,
264 2396 298 2432 66
318 2378 402 2430 dixit:
422 2377 578 2431 Faustinus
596 2383 625 2432 et
641 2378 846 2432 Faustinianus
867 2397 978 2448 unaque
1000 2379 1132 2432 Clemens
1154 2396 1217 2431 curn
1241 2377 1300 2430 suis

122 2463 169 2500 me
187 2452 354 2515 sequantur,
371 2451 403 2498 ut
421 2445 567 2499 venientes
584 2447 621 2500 ad
633 2445 779 2500 obtectum
797 2447 881 2500 maris
894 2447 987 2499 locum
998 2446 1134 2515 baptismi
1151 2446 1224 2497 ritus
1236 2461 1298 2514 per—

128 2532 147 2566 a
171 2531 259 2567 amus.

147 2533 170 2584 g
195 2580 257 2635 CX.
280 2579 350 2634 Cum
362 2581 452 2652 igitur
463 2579 567 2633 fuimus
577 2580 606 2634 in
615 2580 699 2634 litore
710 2579 785 2632 inter
793 2596 862 2633 saxa
872 2579 1019 2648 quaedam,
1032 2595 1104 2648 quae
1115 2578 1299 2647 tranquillum

122 2655 157 2702 et
173 2650 310 2702 mundum
322 2649 416 2702 locum
451 2648 622 2715 raebebant,
638 2647 799 2718 baptizavit
811 2664 873 2701 cam
886 2649 917 2701 in
933 2646 1045 2701 nomine
1057 2646 1147 2716 patris
1160 2652 1190 2700 et
1202 2645 1256 2698 filii
1270 2652 1300 2699 et

125 2716 261 2788 spriritus
287 2717 387 2770 sancti.
442 2733 473 2770 66
495 2721 590 2770 661616
614 2721 643 2770 61
664 2721 803 2786 quotquot
823 2716 971 2769 nobiscum
995 2713 1127 2782 61161661,
1152 2714 1300 2768 mulierum

124 2942 261 2992 lectionem
285 2939 384 2990 exhibet
406 2945 491 2988 nostra
511 2939 590 3005 Epit,
609 2940 695 2990 ordine
740 2933 782 3004 15)
796 2937 843 3004 τῆς
853 2933 982 3003 ἀληθείας
993 2945 1080 2991 nostra
1092 2941 1161 3008 Epit.
1177 2941 1245 2992 6161.
1259 2957 1299 3008 66.

125 3015 363 3059 1666661616.-
379 3002 408 3074 2)
427 3007 532 3070 πολλῆς
549 3007 597 3071 τῆς
609 3008 695 3073 χαρᾶς
738 3006 835 3054 Cot—
848 3003 891 3073 16)
906 3001 973 3076 τάχα
984 3013 1017 3058 D.

124 3077 184 3126 (11).
202 3103 238 3111 -
257 3073 283 3140 3)
301 3069 446 3138 ἠδυνήθην
461 3074 517 3123 add.
534 3075 608 3123 Hom.
621 3076 694 3139 XIII,
789 3074 848 3140 Cap.
872 3076 938 3126 CIX.
968 3073 995 3144 1)
1021 3073 1091 3147 ὑμᾶς
1113 3078 1132 3128 C
1155 3083 1181 3127 et
1204 3079 1235 3126 al.
1260 3094 1299 3144 66.

127 3142 270 3206 11,666116
281 3143 350 3208 Epit.
365 3143 431 3192 6161.
445 3137 693 3257 66.061.-4)μό-
738 3141 791 3190 eor.
809 3169 843 3177 —
862 3137 890 3208 2)
908 3147 953 3194 καὶ
973 3141 986 3208 ἡ
997 3181 1069 3194 .....
1095 3142 1198 3213 στοργὴ
1215 3152 1301 3196 nostra

126 3209 380 3279 vovfflicinvffl.
401 3237 435 3244 —
473 3204 692 3280 >quartano
736 3207 1301 3278 11611.6161.66.(161-3)66611ὑοι’τες

125 3275 566 3343 666116611611616166061.-6
592 3273 694 3330 οὐκοῦν
735 3274 1299 3356 666116Ε611,6161.66.(161.-4)οι’611

124 3342 189 3412 (616)
207 3348 237 3396 τί
252 3347 326 3404 (man.
344 3360 392 3394 666,
410 3359 486 3410 supra
505 3345 573 3414 add.)
595 3342 690 3398 κωλύει
736 3338 889 3424 1611616661.
906 3343 992 3406 Hom.)
1009 3340 1025 3407 ἡ
1041 3341 1097 3409 ὥρα
1114 3345 1161 3408 τῆς
1177 3359 1300 3410 σημερον

124 3416 156 3462 Β.
169 3439 204 3448 —-
225 3408 252 3478 7)
274 3411 322 3476 τῆς
338 3415 367 3474 Β,
387 3409 420 3483 τι)
437 3413 482 3462 (11)
501 3417 526 3461 61
542 3415 572 3464 el.
586 3430 625 3481 66.
639 3415 692 3464 (161.
736 3411 837 3479 ημέρας
853 3405 1011 3488 ἐπιτήδειός
1031 3410 1110 3461 ἐστιν
1130 3412 1169 3466 sle
1186 3408 1218 3459 rb
1239 3405 1299 3490 φη.

126 3474 240 3531 Voces}
257 3473 337 3548 κὺριέ
350 3497 420 3549 μου,
438 3474 488 3543 τὴν
505 3474 631 3551 σήμερον
642 3497 692 3530 666
737 3473 768 3527 τὸ
784 3477 869 3534 Hom.)
886 3481 1040 3544 βαπτισμα.
1063 3478 1107 3527 καὶ
1129 3473 1205 3544 ὁμῶς
1226 3494 1299 3527 corre

123 3548 175 3610 leg.
186 3549 263 3598 Hom.
279 3547 296 3596 1.
314 3563 348 3608 6.,
368 3552 454 3597 nostra
471 3548 540 3612 Epit.
559 3549 631 3599 6161.
653 3565 692 3614 66.
736 3545 867 3612 γενέσθαι
887 3545 915 3594 οἱ
935 3539 1038 3602 πάντες
1056 3539 1300 3615 συνειδοκήσαμεν

124 3616 182 3665 (161.
198 3643 229 3650 -
247 3610 276 3680 8)
291 3607 306 3664 3
322 3610 361 3682 μὴ
377 3625 407 3680 6.·
421 3613 483 3666 ἐπεὶ
486 3615 570 3730 (616111
587 3619 662 3666 Η616.
676 3617 692 3664 1.
736 3611 791 3662 add.
804 3613 879 3661 Hom.
898 3613 971 3676 XIII,
990 3609 1030 3675 12,
1047 3617 1133 3662 666116
1148 3614 1218 3680 Epir.
1231 3619 1256 3662 et
1267 3613 1316 3662 61.”

506 3697 540 3732 o.

123 3699 157 3744 6.,
168 3687 257 3732 nostra
268 3682 338 3746 Epit.
350 3686 376 3730 et
388 3681 418 3730 61.
432 3697 472 3747 ap.
556 3711 591 3720 -
609 3679 636 3750 9)
650 3683 692 3732 Sic
735 3695 773 3746 66.
785 3681 838 3730 (161.
848 3706 883 3715 -
893 3679 920 3748 5)
935 3677 1132 3750 ὀρθριαίιερον
1143 3684 1164 3730 Β
1177 3687 1201 3732 61
1214 3687 1298 3731 666161

124 3749 216 3810 BCD,
228 3751 304 3798 Hom.
316 3749 332 3798 l.
346 3764 376 3810 6.,
391 3750 510 3798 66611611
530 3751 557 3800 it.
570 3757 595 3801 et
606 3752 638 3800 al.
652 3767 691 3816 ap.
735 3748 967 3811 6666661111,
987 3749 1009 3798 1.
1033 3776 1068 3784 -
1089 3744 1117 3815 6)
1138 3752 1182 3800 καὶ
1202 3766 1249 3798 om.
1269 3751 1299 3798 D.

123 3766 691 3882 6666611666616-116666611-
736 3815 846 3864 Subinde
870 3813 1019 3874 ἔξυπνίσας
1049 3815 1102 3882 ἔφη
1131 3818 1223 3880 absque
1247 3832 1298 3880 seq.

126 3882 488 3946 νοςΒ,(161616111611.Η661.
503 3886 570 3934 6161.
584 3901 622 3951 ap.
637 3885 692 3934 Cot.
735 3881 796 3934 εἶπε
812 3885 886 3932 Η616.
900 3884 917 3933 1.
931 3899 962 3946 6.,
980 3890 1066 3935 666116
1082 3885 1151 3949 11611.
1168 3891 1193 3932 61
1209 3883 1240 3931 61.
1258 3899 1298 3948 66.

124 3951 239 4002 Subinde
261 3949 317 4000 add.
340 3946 506 4016 ἀπεκρίνατο
527 3954 602 4002 Η616.
623 3953 640 4001 1.
661 3967 691 4014 e,
736 3951 789 4000 cot.
803 3977 833 3986 —
848 3947 874 4017 7)
889 3952 1017 4019 oxrnqnqi
1031 3953 1057 4002 C.

124 4018 296 4084 nostraEpit.
310 4022 335 4066 61
350 4018 382 4067 al.
398 4033 438 4084 ap.
456 4019 509 4068 Cot.
526 4047 560 4056 -
581 4016 625 4086 11)
639 4017 692 4088 ἔφη
786 4018 845 4083 Cap.
864 4019 917 4068 CX.
950 4017 976 4086 1)
994 4014 1124 4076 ἐλθόντες
1141 4013 1183 4082 (ἐν
1199 4012 1298 4065 bara-

123 4087 215 4136 inscrit
234 4087 267 4136 D.
289 4112 324 4120 -
346 4080 389 4152 12)
406 4085 532 4156 χωρῆσαι
550 4088 577 4136 16
595 4088 691 4136 duobus
736 4080 834 4150 σκόπῳ
859 4085 916 4134 add.
939 4083 1026 4153 Η616.)
1055 4087 1189 4149 punctum
1214 4077 1299 4158 1611166

124 4154 186 4204 Mas.
197 4153 299 4202 invenit
307 4152 404 4202 Cot-
416 4151 460 4222 13)
472 4153 613 4236 μηδεμίαν
621 4150 691 4224 ἡμέ-
736 4152 911 4221 δυνηθῶμεν.
930 4150 1068 4218 1111661111
1090 4151 1145 4201 τῶν
1166 4149 1299 4215 αἰγιαλων

123 4236 176 4285 666
196 4218 245 4284 τῆς
270 4216 287 4284 ἡ
311 4219 351 4272 niv
375 4220 551 4289 ἔπιγνωσεως
570 4227 692 4290 χωρίσαι
735 4215 798 4288 (τὸν
814 4215 940 4286 αἰγιαλὸν
957 4220 994 4269 ed.
1011 4219 1087 4268 Hom.
1107 4218 1160 4266 Cot.
1178 4223 1203 4296 61
1214 4223 1299 4266 nostra

124 4288 180 4405 ili
198 4239 566 4426 ’11111161111111111
567 4291 642 4406 trib
651 4304 691 4354 Ψ·
736 4283 1217 4420 111111οωί11111111111111
1230 4289 1254 4402 i
1266 4285 1298 4400 1·

190 4383 225 4392 “”
560 4393 575 4418 ·r
644 4383 693 4405 ·““”
771 4393 774 4401 ·
837 4381 892 4403 ·“
1212 4389 1298 4416 ···ι
