3126 4894
254 324 318 389 224
724 341 951 392 σεενιενισννιν

253 491 459 575 μακαριωτάτφ
482 492 621 576 Κλύμεντι
642 498 681 573 τῷ
701 497 750 556 τού
767 491 874 575 θρόνον
891 491 1037 574 Ῥωμαίων
1055 490 1196 571 ι’πισκόπῳ
1216 491 1353 557 Σισινννον
1375 493 1427 555 τὸν

254 580 335 662 φιλον
349 603 398 640 του
386 579 547 658 βασιλέως
561 578 720 655 Νερουα
689 605 726 660 μιγ
740 584 902 660 φοβεῖσθαι.

285 662 455 721 CLXV.
497 662 606 766 Επειδγγ
624 663 714 726 τοίνυν
733 667 765 742 τη
784 663 871 724 αύτσύ
891 657 1088 741 διδασκαλίᾳ
1075 686 1092 740 9
1112 659 1217 742 γυνὴ..
1192 661 1330 724 Σισιννίου
1355 665 1425 726 Θεο

255 751 332 852 δῶρα
351 745 525 809 πιστεύσασα
544 747 614 824 πρὸς
632 748 702 809 θεὸν
722 746 877 810 σπουδαίαν
900 744 1031 808 ε’τελει
1006 770 1054 824 την
1078 745 1258 849 λειτουργίαν,
1281 742 1386 825 ταύτην

256 829 325 932 ἀνηρ
345 829 534 910 ζηλοτυπήσας
555 835 730 936 παγιδεύσαι
737 829 934 910 κατηγωνίζετσ
954 828 1024 906 πρὸς
1042 828 1091 927 τίγγ
1110 829 1288 909 ἐκκλησίαν’
1272 833 1424 892 απιοῡσαν.

212 917 219 930 ’
255 941 302 977 και
294 911 350 1018 δὴ
364 913 571 993 είσελθούσης’
556 925 656 984 εκεῖνος
667 915 730 976 διἰ
716 916 812 992 ετέρας
823 912 931 975 είσόδου
942 911 1139 992 καταφθάσας
1150 865 1255 993 ἦιιξατο
1265 919 1426 1014 πολυπραγ-

254 1008 361 1104 μρνεῖν
377 995 458 1078 ἡνίκα
473 994 597 1078 δὲπαρά
612 1003 661 1061 τού
676 995 756 1079 ἁγίου
768 996 967 1099 Κλήμεντος
939 996 1002 1077 ευχίγ
1013 997 1128 1077 γέγονεν,
1145 1022 1194 1059 του
1181 999 1312 1060 λαοο’
1263 1022 1340 1097 ειρη
1343 997 1426 1066 κότος

254 1083 287 1144 τὸ
303 1079 388 1163 άμην,
403 1079 419 1142 ό
436 1081 571 1152 Σισίννιος
585 1081 687 1163 τυφλινς
701 1106 731 1144 τε
745 1077 792 1144 καί
808 1079 903 1162 κωφός
917 1079 1092 1160 ἀπετελέσθη
1108 1085 1158 1143 τού
1175 1079 1252 1181 μήτε
1256 1078 1340 1206 ὁρᾶν,
1353 1080 1425 1184 γκίγτε

256 1165 364 1270 ἀκούειν
383 1164 532 1228 δύνασθαι.
553 1164 615 1228 τότε
631 1166 700 1246 λέγει
719 1175 777 1235 τοῖς
795 1165 900 1236 δούλοις
922 1165 1021 1226 αὐτοῦ·
1042 1163 1145 1268 λάβετέ
1158 1189 1192 1244 με
1207 1159 1253 1228 καὶ
1259 1163 1427 1263 ε’ξαγάγετε

255 1249 358 1325 έ,ξω’
341 1274 385 1312 οτι
404 1275 428 1312 οι
423 1249 596 1352 ὀφθαλμοί
610 1275 663 1328 μινο
683 1245 780 1352 τιγφλοὶ
799 1248 940 1351 γεγόνασιν
960 1244 1006 1310 καὶ
1023 1248 1054 1309 αἱ
1071 1249 1159 1311 ανιοαί
1169 1274 1223 1329 μου
1237 1271 1276 1320 εις
1289 1251 1426 1312 τοσούτου

256 1333 461 1416 ἐκωφιόθησαν,
476 1329 616 1396 ότνσύδὲι
631 1331 822 1396 τὸσύνολον
806 1331 914 1395 ακούειι
929 1331 1058 1412 δύναμαι.

341 1417 481 1478 CLXVI.
515 1416 588 1480 Τότε
602 1443 628 1479 σι
623 1417 740 1488 ’παῖδες
755 1415 839 1479 αύτοο
826 1415 986 1498 λαβόντες
1001 1416 1087 1478 αὐτὸν
1101 1416 1228 1517 περιῆγον
1243 1415 1276 1478 δι’
1292 1411 1409 1494 όλης
1374 1441 1426 1520 της

255 1501 436 1606 6096901'09’
422 1527 449 1564 εν
466 1503 543 1582 μέσῳ
564 1505 611 1563 τοῦ
633 1501 777 1582 εὐχομένω
798 1504 868 1563 λασύ
892 1501 999 1581 ανδρων
1021 1495 1117 1562 τεκαὶ
1140 1503 1286 1582 γυναικών,
1308 1495 1356 1562 καὶ
1372 1500 1426 1604 τρὶς

255 1585 357 1664 θύρας,
373 1585 444 1649 ὅθεν
459 1583 641 1688 εισρλθον,
615 1595 702 1664 νοσεῖν
713 1585 762 1688 966
773 1583 899 1666 ἠδύνατο.
914 1557 1004 1646 ὅθεν1
1020 1585 1047 1646 ἐν
1059 1609 1098 1661 τῳ
1088 1585 1306 1663 περιέρχεσθαι
1322 1584 1426 1682 αύτούς

255 1672 476 1774 πλανωμένους
467 1695 514 1732 και
529 1669 662 1732 κοκλεύειν
676 1669 746 1748 πρὸς
764 1675 790 1732 Θ
779 1667 958 1774 λεοδιόραγ
931 1694 980 1736 τννν
992 1669 1087 1747 κυρίαν
1103 1668 1203 1741 αὐτῶν,
1219 1668 1295 1730 ἔνθα
1306 1673 1346 1746 τῴ
1361 1671 1425 1746 θεῷ

255 1753 433 1859 πρσρηύχετο,
448 1753 498 1816 σύν
513 1777 552 1856 τῳ
541 1751 732 1832 δεσπότῃ
700 1756 792 1815 ανιων
804 1752 997 1833 παρεγίνοντο.
1013 1778 1071 1833 ητις
1084 1752 1224 1832 ἑωρακυῖα
1238 1753 1303 1824 τοὺς
1317 1759 1426 1823 παῖδας

254 1839 325 1920 μετὰ
339 1841 388 1900 τοῦ
403 1838 494 1940 κυρίου
508 1837 600 1900 αὐτόν
614 1839 801 1941 τοφλωθέντα
816 1838 900 1898 αὐτόν
915 1837 1100 1918 περιάγοντας
1114 1835 1281 1916 πρῶτονμὲν
1293 1838 1426 1909 έξέκλιιεν

254 1923 304 2024 τὶγν
318 1923 392 1984 θέαν
408 1922 495 1983 αὐτου
482 1919 710 2001 νομίζουσα,’
693 1946 736 1983 οτι
755 1946 807 2000 περ
821 1919 1015 2026 ἠνεῳγμένοιρ
1034 1921 1155 2024 ὄμμασιν
1170 1919 1313 1998 θεάσηται
1328 1921 1425 2001 αὐτην.

255 2001 302 2070 καὶ
313 2005 563 2111 μεταπεμψαμένη
581 2006 630 2067 ἕνα
645 2007 699 2067 τῶν
714 2006 822 2066 παίδων
838 2005 926 2085 αύτης
938 2005 1009 2085 πρὸς
1024 2005 1056 2066 τὸ
1072 2009 1183 2085 γνῶναι,
1198 2005 1230 2066 τί
1241 2002 1299 2082 ἄρα
1314 2007 1426 2068 θελοιεν

254 2091 325 2194 μετὰ
347 2093 395 2152 τού
414 2090 505 2168 κυρίου
528 2089 620 2151 αὐτῶν
639 2087 850 2167 περιερχόμενοι,
870 2086 993 2152 εἶπεν(
980 2113 995 2150 0
1016 2114 1106 2167 κυριος
1128 2086 1205 2169 ἡμῶν
1225 2087 1355 2151 θελων
1342 2093 1425 2168 ορᾶν,

168 2223 173 2232 .
255 2171 328 2278 άπερ
344 2173 420 2252 αὐτῷ
435 2173 485 2236 ούκ
500 2173 611 2247 ἔξεστιν,
627 2168 673 2234 ua?
685 2172 792 2250 ἀκούειν
801 2172 945 2252 ἀλλοτρίου
958 2173 1114 2254 μυστηρίου,
1130 2171 1362 2252 ιίπστετύφλσνται
1377 2169 1426 2236 καὶ

254 2259 349 2361 κωφὸς
364 2256 571 2340 άπειργάσθη.3
583 2255 653 2362 ἡμῖν
672 2281 702 2318 τε
721 2245 911 2331 έκίλευσεν,’
896 2269 942 2320 ινα
957 2261 1055 2320 τοῦτον
1070 2257 1219 2318 ε’ντεόθενι
1234 2256 1425 2339 εξαγάγωμεν.

254 2339 301 2408 καὶ
316 2343 348 2406 06
361 2341 562 2442 συγκεχώρηται
576 2338 639 2446 ημῖν
654 2341 739 2404 αὑτὸν
754 2343 884 2404 ἐντεῦθεν
898 2339 977 2412 ὅπως
991 2339 1039 2403 οὖν
1054 2343 1186 2422 ἐκβαλεῖν.

340 2427 495 2487 CLXVII.
531 2423 632 2530 1669
655 2423 684 2488 66
707 2429 788 2488 τούτο
809 2422 826 2505 ἡ
846 2424 1020 2505 Θεοδώρα’
1004 2449 1118 2507 ηκοοσεν
1142 2423 1223 2504 παρὰ
1241 2427 1292 2529 996
1312 2425 1425 2499 παιδὸς,

254 2512 366 2591 ἔστησεν
385 2511 485 2593 ἑαυτὴν
507 2511 546 2581 είς
564 2510 644 2591 εύχην
666 2506 713 2572 καὶ
735 2509 806 2588 μετὰ
825 2508 951 2611 δακρύων
970 2511 1060 2572 ε’δεέτσ
1081 2513 1131 2571 τού
1155 2507 1275 2582 θεού,’
1259 2505 1335 2570 ιναό
1352 2509 1426 2612 άνηρ

255 2596 341 2696 αύτγς
362 2596 470 2657 ἐκεῖθεν
493 2595 635 2668 εξελθειν1
659 2597 775 2674 δυνηθῇ
797 2589 844 2656 καὶ
865 2603 1023 2673 στραφεῖσα
1046 2593 1117 2671 πρὸς
1139 2593 1204 2664 τοὺς
1227 2599 1334 2664 παῖδας
1358 2595 1427 2664 τοὺς

253 2677 389 2749 συνόντας
405 2679 480 2783 αιἰτῳ
469 2678 582 2740 Ἰεἶπεν
603 2679 745 2742 άπελθετε
760 2673 806 2782 καὶ
824 2701 1075 2782 χειραγωγγγσαντες
1089 2677 1137 2738 τὸν
1152 2675 1242 2754 κύριον
1256 2674 1332 2756 ὑμῶν
1348 2677 1424 2740 άπα-

254 2761 416 2844 969690¹’
389 2787 427 2833 εις
445 2763 529 2824 τὸνσ
513 2762 634 2824 σλκον’
620 2761 672 2867 εγω
691 2762 744 2845 γὰρ
764 2787 812 2843 τνγν
831 2761 923 2845 εύχύγν,
945 2761 978 2866 9'0
996 2759 1133 2866 ἡρξάμηγ,
1153 2760 1186 2823 06
1200 2761 1237 2858 μίγ
1252 2763 1425 2837 καταλείπω,

255 2847 328 2908 ἀλλὰ
342 2846 490 2948 προσφέρω
505 2844 554 2927 τὴν
568 2848 674 2909 θυσίαν
692 2871 745 2926 μου
759 2851 799 2924 τῴ
817 2849 899 2926 κυρίῳ
915 2873 961 2909 και
975 2845 1181 2926 πληρωθέντων
1196 2849 1253 2906 των
1266 2847 1426 2950 μυστηρίων

254 2929 438 3008 καταφθάνω
452 2927 535 3028 ύμιγῐς.
550 2927 613 2990 τότε
627 2930 716 2991 τοίνυν
732 2929 865 3034 άπρλθσν
880 2957 905 2993 οι
901 2931 1021 3001 ’παῖδες
1034 2933 1265 3033 χειραγωγοῦντες
1284 2931 1370 2992 αὐτόν
1385 2931 1426 3002 εἰς

253 3013 301 3074 τὸν
316 3012 403 3085 οἶκον,
425 3008 472 3074 καὶ
481 3009 721 3116 ὑποστρέψαντες
738 3013 809 3113 πρὸς
826 3014 885 3094 τίγν
896 3014 991 3093 κυρίαν
1007 3015 1099 3076 αιἰτων
1114 3012 1295 3094 ἀπήγγειλαν,
1318 3015 1426 3095 τυφλὸν

253 3090 301 3158 καὶ
292 3094 410 3198 κωφὸν
425 3095 510 3201 αύτίγν
524 3095 621 3157 εἰστέτι
636 3094 805 3175 διαμένειν.
791 3123 808 3178 νγ
823 3095 853 3159 δὲ
868 3099 1035 3260 Θεοδωρα’
1019 3123 1063 3158 επι
1055 3093 1226 3160 πλεῖον
1187 3122 1226 3176 τῳ
1241 3101 1304 3221 θεῳ
1296 3100 1426 3263 δράσεις

252 3347 371 3452 λέγωσιν
392 3345 488 3410 πάντα
506 3347 544 3411 τὰ
565 3291 736 3454 συμβάντα
733 3351 772 3427 τῷ
791 3267 869 3428 ἀνδρὶ
893 3314 990 3430 αύτύγς,
1013 3344 1059 3410 καὶ
1081 3347 1124 3412 ότι
1086 3265 1285 3430 τοφλός’
1269 3375 1343 3413 εστιν
1366 3362 1427 3423 τοῖς

252 3432 423 3512 ὀφθαλμοῖς,
439 3427 485 3494 καὶ
500 3432 594 3512 κωφὸς
608 3442 666 3504 τοῖς
680 3432 757 3536 ω’σίν

339 3515 511 3574 CLXVIII
559 3515 696 3578 Ταοτα’
679 3541 804 3586 ακσυσας
822 3541 838 3577 0
862 3515 1000 3620 μακάριος
1021 3515 1145 3596 Κλημιγς,
1169 3516 1278 3597 δάκρυα
1299 3521 1427 3598 προχέας

252 3599 447 3701 προετρέφατίν
461 3600 525 3670 τοὺς
524 3599 755 3703 συμπαρόντας,
769 3598 814 3662 ἵνα
832 3597 1017 3702 ιγμοθομαδόν
1032 3602 1113 3678 παρὰ
1132 3602 1224 3682 κυρίου
1243 3601 1425 3682 αἰτήσωνται,

252 3707 292 3758 τῳ
279 3679 386 3760 ἀνδρὶ
402 3683 486 3762 αὐτῆς
500 3707 548 3762 τνγν
563 3709 593 3746 τε
608 3683 695 3788 άκσρν
709 3679 756 3745 καὶ
770 3707 819 3763 την
833 3681 930 3763 ὅρασιν
944 3688 1123 3786 γαρισθνγναι.
1144 3687 1318 3790 669006699
1331 3687 1426 3751 τοίνυν

251 3761 268 3826 ό
281 3761 419 3867 μακάριος
433 3711 549 3868 K66969
562 3767 632 3846 μετὰ
647 3767 697 3848 τὴν
710 3767 790 3870 εύγύγν
804 3766 996 3868 συνεπορεόθη
1010 3771 1044 3846 τῇ
1060 3765 1165 3894 γυναικιὶ
1179 3767 1251 3848 πρός
1265 3769 1315 3832 τόν
1307 3767 1427 3870 ἄνδρα

253 3872 350 3926 αυτης,
366 3843 413 3910 καὶ
431 3842 507 3927 εύρεν
522 3849 608 3912 αὐτὸν
624 3850 802 3932 άνεωγμίνων
817 3851 894 3928 αόνῳ
908 3855 964 3914 των
978 3853 1160 3955 ιγ’ῳθαλμινῧν1
1181 3851 1314 3955 μηδένα’
1300 3857 1426 3935 οριόντα,

251 3927 315 3992 σύτο
332 3931 385 4012 μίμι
403 3931 524 4036 λόγου
500 3957 532 3994 τσ
545 3933 696 4034 παράπαν,
716 3934 778 3997 οὔτε·
792 3934 865 4004 τινὸς
885 3960 952 4015 ηχου
971 3934 1125 3998 ἀκούοντα
1149 3937 1225 3999 ἔνθα
1244 3933 1292 4041 906
1298 3944 1427 4041 συμμιγῆ

251 4013 444 4094 ὀλοφυρμὸν
424 4039 548 4086 απαντες
559 4015 712 4122 περνιγγοον,
727 4012 842 4088 οὗτινος
855 4015 871 4079 6
887 4019 1024 4120 Σισίννισρ
1035 4019 1218 4084 παντάπασιν
1229 4021 1280 4083 ούκ
1290 4022 1427 4102 ἠκροᾶτο.

338 4099 480 4157 CLXIX
526 4096 601 4162 Τότε
615 4125 662 4162 σον
676 4124 692 4160 0
706 4099 843 4202 μακάριος
858 4103 973 4182 Κλήμης
992 4103 1030 4165 τὰ
1049 4102 1158 4184 γόνατα
1172 4105 1244 4184 πρὸς
1258 4103 1330 4168 τόν1
1352 4109 1427 4172 θεὸν

252 4178 380 4248 κλίνας’
364 4194 429 4260 εφη·
449 4181 521 4260 κύριε
539 4181 626 4260 ’19006
645 4182 799 4260 Χριστὲ,
786 4209 803 4245 0
821 4209 873 4254 τας
892 4190 1015 4256 κλεῖς
982 4211 1042 4292 τνγς
1052 4190 1195 4267 βασιλείας
1217 4192 1274 4250 τών
1296 4190 1428 4294 σύρανων

252 4261 378 4330 δεδωκὼς
391 4287 446 4366 τφ
419 4263 595 4342 ἀπσστόλῳ
608 4290 658 4326 σου
675 4268 789 4347 Πέτρῳ,
810 4268 968 4346 διδασκάλῳ
983 4273 1042 4332 δε’
1025 4275 1092 4374 9093,
1108 4268 1155 4334 καὶ
1169 4271 1272 4335 είπαύν·
1297 4271 1374 4355 άπερ
1389 4274 1428 4339 60

253 4340 412 4419 600691992'
396 4347 542 4422 ηνέῳκται,
561 4343 608 4408 καὶ
623 4346 696 4426 άπερ
717 4351 852 4428 κλεάνρς3
860 4352 1072 4426 κέκλεισται,
1044 4378 1080 4416 σο
1099 4353 1277 4429 κελευσον,’
1261 4381 1309 4420 ινα
1325 4364 1428 4423 διανοι-
