3126 4894
578 299 733 350 armona
751 300 894 350 1111111.
1261 287 1322 350 173

139 461 200 498 una
215 462 277 499 cum
293 445 418 517 geminis
431 445 489 499 tuis
501 445 596 516 pueris
609 445 677 499 urhe
691 445 808 500 discede
818 446 855 500 ad
864 445 1110 516 aliquodtompus,
1123 448 1213 502 donec
1225 467 1320 504 rursus

140 512 320 578 indicavero,
333 519 366 565 ut
378 513 478 566 redeas
491 513 560 566 huc:
574 513 681 582 alioqui
694 531 757 567 cum
770 514 870 566 marito
884 514 1052 584 cunctisque
1061 515 1119 568 tuis
1132 515 1230 570 liberis
1244 516 1321 570 derc-

138 587 230 650 pente
243 580 354 649 peribis
367 581 449 634 male.
484 579 580 650 Atque
593 581 634 634 ita
646 580 710 635 feci.
746 580 848 635 Statim
862 581 935 634 enim
953 586 985 634 ut
1003 583 1141 635 somnium
1154 584 1320 637 ementitum

139 648 205 701 viro
222 649 369 714 enarravi,
387 648 519 702 extimuit
537 653 566 702 et
584 665 628 702 me
645 665 708 702 cum
721 648 830 702 duobus
848 646 917 701 filiis
930 666 1049 718 cumque
1063 650 1150 703 servis
1165 657 1194 703 ct
1206 651 1321 704 ancillis

138 721 230 784 atquc
248 716 341 768 multa
357 716 480 784 pecunia
496 714 625 770 Athenas
642 733 693 785 per
704 733 805 769 navem
817 715 909 782 misit,
926 722 958 768 ut
971 725 1053 770 natos
1066 717 1203 770 erudirem
1217 719 1320 788 quoad,

139 783 252 852 iuquit,
269 782 391 836 visionis
408 783 517 837 auctori
534 783 674 853 placuerit
691 789 720 837 te
736 783 828 836 redire
845 783 881 836 ad
900 800 951 836 mc.
988 781 1137 838 Caeterum
1150 802 1204 856 ego
1217 786 1320 840 misera
1386 791 1393 806 ¹

139 868 200 904 una
214 868 279 904 cum
291 850 392 903 liberis
405 851 545 922 navigans
558 857 704 904 ventorum
715 850 744 903 vi
761 849 895 920 proiicior
910 851 939 904 in
951 849 1022 904 haec
1037 853 1100 906 loca
1113 858 1141 906 et
1154 853 1220 906 navi
1232 859 1319 906 noctu

139 917 289 971 dissoluta
301 918 332 970 in
344 918 523 989 naufragium
536 918 633 1038 incipi.
654 917 780 987 Cumque
793 933 890 972 omncs
902 917 1077 986 interissent,
1090 937 1146 974 una
1155 936 1208 991 ego
1219 921 1319 974 infelix

138 986 258 1056 magnis
276 985 390 1056 agitata
407 985 542 1039 fluctibus
555 985 584 1038 in
612 1003 694 1040 axum
706 985 800 1039 eiecta
813 1003 889 1038 sum:
908 985 958 1038 ubi
975 1003 1038 1040 cum
1051 985 1226 1042 infortunata
1238 989 1318 1042 sedc—

138 1069 217 1118 rem,
236 1069 288 1122 spe
305 1069 336 1106 re
358 1053 466 1106 eriendi
483 1059 565 1106 natos
583 1071 661 1108 meos
678 1052 758 1106 vivos
776 1052 806 1104 in
822 1052 990 1122 profundum
1007 1070 1051 1106 mc
1064 1071 1120 1108 non
1151 1055 1319 1125 raecipitavi

140 1125 228 1185 tunc,
247 1137 324 1188 quan
346 1137 362 1173 o
381 1120 504 1174 animum
522 1119 630 1174 habcns
649 1119 754 1174 doloris
771 1118 907 1174 fluctibus
924 1120 1031 1174 ebrium
1048 1120 1102 1174 hoc
1132 1139 1213 1176 acere
1232 1123 1318 1177 facile

141 1193 285 1256 poteram.

212 1285 364 1341 LXXXV.
399 1287 503 1341 Verum
521 1294 671 1358 postquam
684 1288 745 1343 dies
764 1295 876 1342 exortus
890 1294 948 1356 est,
962 1306 1025 1342 cnm
1039 1290 1160 1342 clamore
1173 1307 1276 1360 magno
1289 1296 1318 1343 et

140 1355 304 1408 miserabili
317 1354 428 1408 ululatu
440 1356 703 1425 circumspiciebam
716 1373 854 1425 quaerens
864 1356 1022 1410 infelicium
1031 1361 1159 1410 natorum
1170 1357 1316 1411 cadavera.

140 1423 239 1494 Igitur
255 1423 438 1476 miseratione
456 1424 587 1478 commoti
607 1424 718 1478 incolae
736 1424 841 1477 nudam
860 1423 956 1476 intuiti
976 1441 1038 1476 cum
1050 1424 1141 1493 primo
1153 1441 1197 1476 me
1210 1424 1317 1494 induis-

143 1496 221 1556 sent,
236 1490 357 1543 scrutati
371 1497 436 1543 sunt
448 1491 531 1544 maris
539 1490 713 1570 profundum
726 1490 887 1560 quaerendo
900 1497 982 1544 natos
995 1507 1080 1544 meos.
1115 1491 1153 1543 Et
1166 1491 1232 1560 quia
1244 1491 1317 1544 nihil

143 1557 334 1611 inveniebant
347 1575 440 1610 eorum
453 1575 524 1628 quae
537 1557 723 1630 indagaham,
736 1558 889 1612 nonnullae
901 1557 953 1611 hos
975 1558 1058 1612 itales
1071 1558 1203 1611 mulieres
1216 1576 1315 1612 conso-

142 1625 224 1678 landi
236 1625 293 1677 mei
307 1625 402 1695 gratia
414 1633 596 1679 accesserunt
606 1633 635 1679 et
647 1643 711 1680 suas
722 1626 853 1696 singulae
863 1642 962 1679 enarra
983 1631 1032 1680 ant
1044 1625 1182 1692 miserias,
1194 1631 1227 1678 ut
1241 1627 1316 1678 simi·

141 1693 212 1744 lium
226 1692 393 1745 calamitate
407 1693 540 1747 solatium
554 1710 696 1764 caperem:
717 1695 792 1762 quod
808 1710 852 1746 me
865 1693 957 1764 magis
970 1692 1167 1747 contristabat.
1203 1695 1316 1746 Etcum

140 1777 187 1812 mc
201 1760 310 1813 multae
323 1759 449 1828 hospitio
463 1767 598 1841 cuperent
610 1761 750 1830 recipere,
767 1779 824 1815 una
842 1763 980 1830 quaedam
993 1778 1047 1831 pau
1069 1761 1165 1815 ercula
1177 1760 1224 1815 hic
1236 1761 1316 1814 habi·

141 1832 208 1881 tans
219 1827 340 1880 extorsit
352 1826 420 1880 mihi
432 1828 576 1882 domicilio
587 1829 647 1882 eius
659 1829 811 1882 succedere
822 1829 935 1882 dicens:
956 1827 1036 1882 Confi
1059 1829 1197 1897 emulicr3
1210 1829 1316 1883 etenim

140 1895 185 1947 vir
197 1911 278 1948 meus
293 1900 382 1948 nauta
394 1895 423 1947 in
436 1897 505 1950 mari
518 1895 610 1950 adhuc
623 1896 732 1949 iuvenis
743 1896 828 1949 obiit:
843 1901 928 1966 atquc
939 1913 1015 1951 exeo
1026 1897 1082 1962 die,
1114 1897 1223 1950 uamvis
1233 1896 1317 1949 multi

141 1979 187 2016 me
200 1961 387 2016 sollicitarint
399 1963 436 2017 ad
448 1963 572 2033 nuptias,
586 1980 640 2035 ego
651 1963 793 2017 desiderio
802 1964 856 2017 viri
868 1964 924 2017 mei
934 1964 1021 2017 malui
1031 1964 1060 2016 in
1069 1913 1209 2018 viduitate
1222 1981 1316 2035 agere.

142 2029 235 2084 Erunt
249 2047 318 2101 crgo
330 2031 499 2098 communia,
514 2047 698 2101 quaecunque
711 2031 841 2085 manibus
855 2048 988 2102 quaerere
999 2031 1164 2100 poterimus.

210 2129 375 2185 LXXXVI.
410 2131 448 2184 Et
465 2149 500 2185 ne
513 2133 600 2202 longa
612 2148 645 2185 ac
662 2131 755 2185 minus
768 2132 833 2185 utili
845 2132 1007 2186 narratione
1019 2137 1095 2199 utar,
1112 2132 1241 2186 habitavi
1253 2151 1317 2188 cum

142 2215 177 2254 ea
193 2203 312 2268 propter
323 2215 446 2252 amorem
459 2199 520 2252 eius
539 2216 607 2270 erga
623 2199 761 2252 maritum.
798 2199 855 2254 Sed
871 2217 928 2254 non
940 2200 1029 2253 multo
1041 2206 1107 2269 post
1123 2200 1192 2253 mihi
1206 2201 1317 2256 infelici

141 2267 288 2320 laceratae
304 2267 444 2320 morsibus
461 2267 604 2320 resolutae
622 2275 688 2320 sunt
705 2285 819 2334 manus3
840 2268 890 2320 illa
906 2284 972 2321 vero
990 2284 1062 2336 quae
1079 2284 1123 2320 me
1142 2275 1316 2338 susceperat,

140 2339 205 2387 tota
227 2333 325 2387 morbo
348 2334 469 2404 quodam
492 2351 563 2388 occu
583 2340 632 2388 ata
654 2341 683 2388 et
705 2335 843 2406 colligata
869 2334 944 2388 domi
970 2334 1052 2388 iacet.
1089 2335 1227 2398 Quoniam
1249 2353 1317 2407 ergo

141 2401 219 2521 prior
237 2401 386 2454 mulierum
404 2402 549 2456 misericor
571 2420 598 2456 ra
616 2401 758 2472 elanguit,
779 2419 813 2454 ac
830 2417 884 2472 ego
903 2407 932 2454 et
949 2401 1000 2455 illa
1013 2403 1110 2455 clausa
1128 2402 1203 2455 domi
1216 2403 1316 2457 ambae

162 2469 255 2522 ebiles
266 2472 296 2522 et
306 2469 491 2523 calamitosae
501 2487 606 2536 sumus,
621 2487 655 2523 ex
663 2469 752 2522 multo
761 2474 887 2547 ternpore
897 2468 954 2533 hic,
967 2475 999 2520 ut
1011 2468 1101 2546 vides,
1116 2469 1201 2522 sedeo
1212 2470 1316 2590 stipem

140 2542 245 2606 petens
259 2542 298 2601 et,
312 2537 336 2588 si
349 2537 417 2606 quid
429 2537 502 2591 forte
515 2554 662 2607 accepero,
675 2536 762 2590 etiam
774 2536 811 2589 ad
823 2536 901 2589 rllam
914 2535 1021 2606 pariter
1028 2552 1159 2588 mrseram
1171 2537 1208 2589 ad
1221 2537 1247 2590 ci
1268 2555 1316 2590 um

142 2604 249 2658 defero.
274 2602 370 2673 Atque
382 2603 521 2658 hactenus
534 2621 613 2658 meae
627 2603 742 2674 quidem
752 2619 798 2656 res
812 2602 988 2656 sufficienter
998 2608 1063 2655 sunt
1076 2603 1179 2658 dictae.
1202 2603 1316 2671 Restat,

140 2678 175 2725 ut
192 2677 222 2725 te
239 2689 297 2726 non
315 2671 445 2726 inhibeas
464 2672 493 2724 in
515 2671 681 2742 complendo
702 2687 735 2725 eo
754 2670 829 2740 quod
848 2670 1017 2740 promisisti,
1033 2675 1062 2724 te
1082 2670 1211 2724 daturum
1228 2672 1316 2725 medi·

141 2755 257 2805 caman,
275 2756 330 2808 quo
347 2739 433 2793 ctiam
451 2739 495 2792 illi
513 2739 622 2794 obitum
635 2739 761 2809 cupienti
773 2738 899 2805 tradam,
913 2737 996 2792 etsie
1010 2755 1063 2810 ego
1076 2755 1187 2808 quoquc
1199 2739 1315 2809 possim,

141 2812 176 2860 ut
188 2807 241 2873 ais,
253 2806 343 2860 vitam
356 2813 537 2862 commutare.

212 2906 392 2962 LXXXVII.
428 2907 509 2963 Haec
532 2908 646 2963 dicente
666 2907 784 2962 muliere
804 2907 906 2961 Petrus
927 2909 1017 2962 multa
1042 2907 1216 2978 cogitatione
1241 2913 1316 2963 stare

143 2991 300 3046 suspensus
313 2975 471 3030 videbatur.
506 2976 544 3028 Et
565 2993 618 3047 ego
638 2975 839 3046 superveniens
857 2975 986 3042 Dudum,
1008 2975 1138 3046 inquam,
1156 2977 1317 3046 peremnia

144 3044 210 3097 loca
223 3043 383 3096 discurrens
397 3044 566 3112 quaerebam
579 3051 623 3097 te:
637 3049 666 3097 et
677 3062 752 3098 nunc
765 3044 835 3113 quid
846 3043 979 3114 agimus?
1004 3043 1045 3097 At
1055 3045 1158 3098 Petrus
1170 3046 1317 3115 praecepit

142 3111 228 3176 mihi,
241 3116 275 3163 ut
286 3111 324 3164 ad
335 3111 497 3166 naviculum
509 3111 720 3181 praecederem,
733 3112 830 3180 ibique
842 3111 923 3165 illum
936 3130 952 3166 o
993 3113 1085 3166 erirer.
1120 3112 1159 3164 Et
1171 3113 1238 3192 quia
1251 3130 1315 3166 con-

143 3179 248 3233 tradici
262 3178 288 3232 ei
302 3179 451 3248 imperanti
464 3197 520 3232 non
532 3185 657 3258 poterat,
672 3181 747 3258 quod
761 3179 844 3231 iussit
856 3179 920 3233 feci.
981 3186 1057 3233 etrus
1071 3197 1146 3245 vero,
1160 3186 1235 3234 srcut
1246 3180 1316 3232 mihi

143 3252 248 3300 cuncta
260 3247 402 3315 posterius
417 3252 569 3312 euarravrt,
583 3247 745 3316 suspicione
772 3245 874 3299 uadam
885 3247 988 3316 exigua
998 3248 1080 3300 corde
1086 3247 1220 3325 pulsatus
1230 3248 1315 3300 inter·

142 3313 266 3385 rogabat
277 3314 423 3368 mulierem
437 3313 549 3368 dicens:
568 3313 655 3368 Refer
667 3262 878 3378 mihilemina,
913 3330 982 3364 enus
996 3319 1025 3365 et
1038 3315 1183 3390 civrtatem
1196 3330 1230 3366 ac
1242 3313 1314 3374 filio-

142 3399 203 3434 rum
215 3381 345 3446 nomina,
362 3387 391 3434 et
409 3381 465 3435 iam
477 3381 716 3435 medicamentum
734 3379 789 3433 tibi
802 3379 845 3432 do.
908 3385 921 3430 1
933 3379 984 3432 illa
996 3380 1053 3432 vim
1067 3386 1211 3432 sustmens
1223 3397 1315 3448 neque

142 3450 243 3502 volens
255 3447 359 3502 referre
373 3454 402 3502 et
415 3449 617 3502 medicamenti
630 3447 791 3518 accipiendi
804 3447 908 3516 cupida
920 3444 1002 3498 fiuxit
1011 3445 1069 3500 alia
1100 3462 1130 3498 ro
1143 3445 1208 3498 aliis
1221 3453 1251 3500 et
1263 3447 1314 3512 ait,

144 3532 175 3570 se
187 3515 303 3596 quidem
317 3533 379 3570 esse
392 3515 559 3586 Ephesiam,
579 3516 669 3568 virum
687 3521 781 3568 autem
794 3513 934 3580 Siculu1n3
957 3513 1007 3567 sed
1026 3520 1055 3568 et
1100 3513 1187 3565 iorum
1201 3514 1316 3567 nomina

144 3583 278 3636 similiter
291 3584 457 3637 immutavit.
494 3583 568 3636 Tum
579 3583 681 3637 Petrus
694 3581 861 3636 existimans
874 3599 936 3635 eam
954 3598 1019 3634 vero
1035 3580 1159 3651 proferre
1172 3581 1227 3634 ait:
1250 3581 1315 3635 Heu

143 3651 258 3716 mulier,
276 3651 412 3721 putabam
424 3651 532 3723 grande
544 3651 661 3720 aliquod
674 3650 809 3722 gaudium
821 3649 958 3703 hodierno
972 3648 1018 3702 die
1031 3665 1075 3702 me
1088 3654 1314 3719 apportaturum3

145 3718 313 3788 suspicabar
325 3718 400 3772 enim
413 3724 443 3772 te
456 3735 520 3773 esse
533 3718 673 3788 quandam
686 3718 840 3784 mulierem,
854 3735 937 3787 quam
951 3717 1108 3772 sentiebam
1121 3717 1257 3788 cuiusque
1269 3734 1316 3772 res

143 3971 171 4042 2)
207 3976 333 4028 πλέουσα
368 3976 398 4025 0.
443 4003 476 4011 -—
515 3972 540 4037 3)
578 3976 709 4045 περιέπε-
805 3975 865 4042 Cap.
889 3975 1036 4025 LXXXVI.
1079 3971 1104 4038 l)
1128 3975 1172 4023 καὶ
1197 3974 1266 4024 deest
1287 3975 1314 4024 in

145 4059 197 4094 σον
217 4045 247 4092 0.
754 4042 782 4090 0.
793 4069 827 4078 —
838 4041 863 4101 ⁸2)
874 4037 1015 4109 αὐτάρκως
1023 4057 1071 4090 om.
1081 4041 1113 4091 V.
1123 4067 1157 4075 —
1166 4037 1194 4106 3)
1204 4037 1277 4091 οὕτω
1285 4043 1315 4090 0.

195 4145 256 4210 Cap.
280 4144 414 4194 LXXXV.
450 4141 477 4212 1)
502 4138 599 4207 ἰπειδὴ
624 4145 653 4192 0.
677 4169 711 4177 —
805 4141 1036 4257 eapaxxxvn.
1062 4135 1088 4206 l)
1102 4141 1258 4211 προσέταξέ
1263 4159 1312 4206 μοι

143 4208 269 4329 {Ldgsvv
285 4228 309 4277 p.
327 4207 454 4278 εέσάγειν
470 4229 507 4282 με
524 4213 555 4262 V.
572 4239 606 4246 -
623 4206 650 4276 3)
670 4227 711 4267 ur
751 4209 865 4334 ges-O.)
879 4206 990 4260 παίδων
1000 4204 1095 4272 ἤλλαξε
1106 4209 1135 4258 Ο.
1148 4237 1180 4244 -
1192 4207 1217 4272 3)
1232 4204 1314 4278 ἐξώρ-
