3162 4900
376 330 421 378 ln
435 329 632 380 onuuuurrs
645 330 727 380 auu.
741 330 923 386 cursura.
936 331 1112 382 nonnus.
1268 316 1332 380 283

226 477 259 536 P.
273 475 333 541 230,
347 475 379 528 18
393 492 460 529 scm:
478 473 614 598 ἀρούρᾳ.

226 543 258 596 P.
270 543 330 610 231,
343 545 359 596 2
371 560 438 595 num
452 561 501 596 ver
524 562 553 598 a:
569 542 677 615 μάθετε
687 543 744 598 ἀπὸ
759 553 850 599 ποίων
861 547 951 599 καλῶν
963 542 1154 620 ἔνηδρεὺθητε,
1167 543 1332 614 significare

151 611 282 680 possint:
300 609 539 678 ,animadvertite
555 627 573 664 a
590 611 721 680 qualibus
739 611 822 665 bonis
861 628 892 665 er
909 612 1026 666 insidias
1040 613 1177 666 abstracti
1191 611 1332 680 fueritir“,

152 679 268 732 dubito.
304 677 407 747 Neque
419 685 513 732 tamen
527 679 696 746 adstipulari
709 696 825 746 possum
868 679 964 748 avisio,
978 681 1146 749 corrigenti:
1168 678 1225 734 ὑπὸ
1239 687 1332 735 ποίων

151 749 248 802 κακῶν
259 743 452 814 ἔνηδρεὺθητε,
467 747 535 816 quia
547 745 696 811 sententia,
711 763 792 815 quarn
804 749 844 800 ita
856 747 1005 816 lucramur,
1015 749 1073 815 jam
1085 747 1162 800 inest
1171 748 1200 800 in
1211 763 1331 817 sequen·

151 813 236 866 tibus
248 813 359 866 verbis:
378 812 433 866 ὑπὸ
453 821 529 875 τίνος
540 811 708 882 ἠπατήθητε.
744 811 888 866 Videntur
900 812 971 868 baec
985 815 1073 868 verba
1085 817 1185 868 eodem
1199 815 1331 868 laborare

152 881 260 933 mendo
274 887 360 950 atque
372 883 471 934 verba:
513 881 528 946 ὴ
546 883 693 952 δυναμένῳ
712 881 886 950 ἀπατηθῆναι
907 881 965 938 ἀπὸ
986 887 1036 937 τοῦ
1057 886 1194 944 δοθέντος
1213 883 1330 954 ἀγαθοῦ,

153 965 232 1035 quae
252 955 319 1000 sunt
337 966 363 1016 p.
376 946 418 1004 44.
431 947 456 1000 2.
488 904 622 1017 iitroque
640 949 704 1001 loco
727 965 778 1016 pro
798 947 854 1004 ἀπὸ
876 949 1058 1004 scribendum
1078 952 1137 1020 ajo:
1156 953 1221 1006 ἐπί.
1257 950 1330 1004 Nam

152 1017 320 1070 ἀπατᾶσθαι
334 1016 393 1067 sive
406 1013 601 1087 ἐνεδρεύεσθαι
614 1018 665 1069 ἐπί
675 1037 762 1078 τινος,
781 1033 838 1068 non
851 1015 908 1070 ἀπό
921 1037 1010 1082 τινος,
1028 1035 1165 1086 usurpare
1178 1017 1287 1072 licebat
1299 1033 1333 1070 ea

152 1080 379 1150 significatione,
392 1099 448 1202 ηυα
462 1101 533 1152 opus
547 1089 605 1136 est:
627 1083 738 1152 „decipi
753 1083 830 1138 circa
849 1084 984 1154 aliquid“.
1003 1117 1031 1125 -
1051 1084 1086 1138 V.
1103 1088 1179 1154 bpro
1192 1083 1332 1142 ἀναλῶσαι

152 1152 269 1224 δυνηθῇ
281 1149 393 1204 seriben
416 1167 463 1202 um
478 1150 601 1205 videtur:
614 1151 753 1206 druidum
774 1149 813 1206 ἀν
835 1153 1007 1222 δυνηθείη.
1025 1185 1053 1194 -
1069 1152 1104 1205 V.
1117 1153 1150 1204 12
1163 1153 1331 1222 legendum:

161 1215 215 1272 τὸν
226 1216 283 1273 ἀνθ
303 1237 391 1272 ωπον.
894 1223 901 1240 ’

225 1285 257 1338 P.
274 1237 335 1350 2⁰32,
352 1286 369 1338 5
386 1283 525 1338 Dresselii
550 1286 754 1354 conjecturam,
778 1292 873 1340 annot.
894 1287 911 1338 2
932 1287 1085 1356 prolatam,
1102 1285 1250 1340 ferendam
1272 1303 1329 1338 non

153 1369 230 1416 esse,
245 1352 348 1406 docent
360 1353 456 1418 verba,
470 1368 543 1422 quae
556 1359 622 1404 sunt
633 1369 658 1404 v.
673 1354 703 1404 11
718 1371 759 1422 sq.
778 1383 809 1391 -
831 1352 864 1406 V.
882 1353 898 1405 9
911 1371 944 1422 sq
966 1393 972 1406 .
991 1369 1064 1422 quae
1083 1354 1217 1422 leguntur
1234 1353 1329 1420 verba,

152 1437 191 1472 ne
207 1419 249 1472 sic
263 1421 386 1488 quidem,
399 1428 432 1472 ut
443 1437 518 1472 nunc
532 1425 598 1472 sunt
611 1420 697 1485 edita,
711 1419 777 1474 ferri
796 1425 923 1488 possunt.
983 1437 1014 1472 ro
1036 1423 1099 1475 ἕστε
1121 1419 1208 1473 scribi
1248 1436 1327 1474 osse:
1370 1472 1374 1478 ,

152 1490 241 1548 ἐστὶν,
255 1495 286 1540 ut
298 1487 424 1555 Davisio,
438 1489 477 1541 ita
490 1487 576 1541 etiam
590 1486 658 1539 mihi
671 1487 699 1539 in
712 1491 837 1540 mentem
849 1487 933 1539 venit.
953 1488 1011 1542 Sed
1022 1490 1114 1555 magis
1128 1488 1213 1540 etiam
1223 1439 1329 1541 liaereo

153 1554 183 1606 in
198 1555 324 1608 dictione
338 1555 384 1610 διά
397 1557 488 1610 τοῦτο.
523 1553 569 1606 An
583 1554 669 1608 verba
682 1555 723 1606 sic
742 1555 985 1623 interpungenda:
1005 1558 1056 1609 νῦν
1073 1557 1104 1608 δὲ
1124 1552 1218 1609 πάντα
1239 1551 1328 1621 πράτ-

153 1643 229 1684 τετε,
248 1622 289 1675 δι.’
308 1619 325 1677 ἀ
344 1621 498 1692 ἀνθρωπος
517 1621 630 1694 ἀθυμεῖ·
657 1620 752 1676 ἀδικία
771 1619 823 1694 γὰρ
844 1628 888 1676 καὶ
909 1621 1018 1693 ἀθυμία
1050 1629 1145 1676 ιίνεται
1167 1622 1214 1675 διὰ
1234 1626 1331 1675 τοῦτο·

152 1687 291 1777 φονεύετε
308 1697 352 1744 καὶ
369 1691 535 1763 ἀφαιρεῖσθε
557 1689 589 1743 τὰ
606 1689 692 1744 αὐτοῦ
713 1686 800 1742 cett?
827 1689 979 1743 Praeterea
1000 1707 1016 1744 o
1041 1692 1114 1744 endo
1139 1689 1169 1742 in
1188 1689 1329 1744 vocabulo

154 1765 236 1831 υμεῖς
249 1756 299 1824 sic,
311 1763 343 1810 ut
354 1775 438 1825 nune,
451 1757 555 1826 posito.
573 1757 638 1810 Jam
649 1759 679 1810 in
691 1757 841 1824 Recognit.
854 1755 888 1820 V,
895 1756 929 1809 23
937 1755 1127 1837 haeescripta
1136 1758 1329 1824 reperiuntur:
1354 1809 1361 1820 ,

151 1857 187 1864 -
201 1841 304 1903 „omne
318 1841 385 1946 ergo
397 1825 475 1944 guod
489 1826 551 1893 ipse
564 1826 623 1902 pati
635 1842 691 1878 non
705 1825 755 1892 vis,
768 1841 832 1878 eum
845 1823 916 1878 facis
930 1825 987 1890 alii,
1000 1824 1154 1894 imaginem
1165 1826 1210 1878 dei
1223 1825 1329 1903 iniquis

152 1893 333 1946 moeroribus
360 1909 393 1945 oe
416 1909 456 1945 as.
473 1892 631 1962 Intelligite
645 1910 722 1963 ergo,
755 1893 803 1945 uia
819 1892 936 1946 latentis
948 1892 1120 1948 intrinsecus
1133 1898 1273 1962 serpentis
1287 1897 1331 1944 est

154 1961 326 2028 suggestio“
340 1965 406 2015 cett.
435 1959 516 2022 Quae
529 1960 657 2030 quamvis
670 1910 892 2040 hauriquaquam
904 1961 1067 2013 adverbum
1081 1959 1274 2029 respondeant
1285 1959 1330 2027 iis,

153 2043 231 2097 quae
245 2027 353 2080 suntin
365 2027 497 2080 Homiliis
519 2033 614 2080 tamen
627 2027 723 2082 favent
736 2045 775 2094 er,
791 2027 839 2114 qui
853 2029 1000 2097 conjiciat,
1016 2033 1081 2082 ante
1099 2030 1208 2103 ἑρπετῷ
1219 2025 1331 2080 interci-

154 2094 235 2146 disse
247 2095 336 2148 verba
349 2094 427 2162 talia,
441 2067 538 2163 quaiia
550 2101 627 2148 sunt:
641 2098 760 2150 ἐννοεῖτε
774 2115 836 2159 ουν,
853 2093 904 2150 ὅτι.
932 2095 1111 2149 Vocabulum
1123 2095 1203 2168 ὑμεῖς
1214 2095 1330 2164 conjun-

176 2163 283 2215 endum
296 2162 349 2214 erit
363 2179 424 2214 enin
439 2177 608 2230 praegresso
621 2168 724 2217 θέλετε.
736 2191 770 2202 -
790 2163 824 2216 V.
838 2163 871 2215 15
887 2163 1081 2232 recipiendam
1100 2179 1202 2217 censeo
1221 2161 1330 2216 codicis

152 2179 179 2284 ᾗ
196 2229 377 2314 scripturam:
393 2229 521 2304 ἀνῄρητο.
538 2228 595 2283 efr.
613 2248 639 2299 p.
652 2232 710 2296 290,
726 2231 765 2282 15.
783 2260 818 2268 -
834 2228 868 2283 V.
884 2231 915 2282 17
928 2230 1025 2284 forsan
1038 2231 1232 2286 scribendum:
1257 2229 1331 2298 πλὴν

152 2299 216 2364 εἰκῆ
229 2318 320 2357 ουτως
332 2303 357 2350 εἰ
368 2302 464 2352 θέλετε
478 2303 543 2350 cett.

223 2363 255 2418 P.
267 2363 326 2431 933,
340 2366 372 2418 17
385 2363 493 2417 codicis
507 2364 530 2418 0
544 2365 687 2432 scriptura
697 2363 919 2433 haudquaquam
932 2364 1124 2432 praeferenda
1137 2369 1199 2416 erat
1211 2363 1328 2416 lectioni

153 2431 266 2486 codicis
284 2429 319 2484 C:
342 2431 373 2488 τὸ
391 2435 445 2502 μὲν
463 2436 537 2498 cett,
556 2447 628 2502 quae
651 2448 717 2484 vero
735 2431 851 2499 propior
870 2436 921 2484 est.
958 2429 1144 2484 Scribendum
1167 2429 1256 2483 enim:
1278 2433 1329 2484 τοῦ

150 2501 289 2574 μὲνοοῖῖ.
307 2531 341 2538 -
362 2498 396 2552 V.
410 2500 443 2553 18
457 2516 567 2569 sq.non
588 2497 719 2564 dubium,
742 2497 810 2584 quin
830 2499 996 2552 Dresselius
1015 2515 1115 2566 parum
1138 2505 1204 2565 apte
1217 2499 1258 2550 sic
1272 2497 1329 2550 edi·

153 2567 242 2621 derit:
266 2571 306 2636 τῷ
328 2569 360 2623 δὲ
377 2566 465 2628 ὅντως
487 2568 547 2637 Θεῷ
565 2565 637 2640 πρὸς
658 2575 717 2628 ταῖς
734 2573 825 2638 ευχαῖς
845 2563 986 2648 [ἐχόμενοι
1008 2563 1117 2637 πολλοὶ]
1141 2571 1186 2620 καὶ
1201 2562 1329 2634 Ἕλληνες

151 2633 310 2702 ἐσώθησαν.
347 2634 442 2688 Verba
459 2633 588 2714 ἐχόμενοι
606 2639 706 2688 πολλοὶ
724 2635 758 2687 de
776 2650 827 2687 suo
841 2633 956 2688 addidit
968 2633 1010 2686 vir
1023 2637 1136 2700 doctus,
1155 2638 1186 2684 ut
1198 2632 1330 2686 lacunam

152 2702 297 2771 expleret,
320 2719 394 2772 quae
415 2707 458 2756 est
478 2721 507 2754 m
530 2703 592 2755 cod.
611 2701 644 2755 Ο.
679 2701 744 2756 Νου
770 2701 846 2754 male
880 2700 1091 2770 Schweglerus:
1119 2698 1330 2774 προσιόντες

152 2771 256 2839 εὐχαῖς.
292 2769 358 2823 Jam
375 2769 478 2841 aliquis
495 2768 993 2844 λευῖαυουὶλε-προσελθόντες,
1008 2766 1328 2839 εὐχαῖςπροσευξά-
1404 2821 1407 2826 ,

152 2843 407 2914 μενοι,ιιαῖοεῖῖ.
442 2837 597 2891 Praeterea
611 2837 774 2906 scrupulum
790 2835 921 2904 injiciunt
933 2837 1032 2891 verba:
1057 2842 1102 2892 καὶ
1117 2835 1252 2902 Ἕλληνες.
1287 2835 1330 2888 Ea

152 2921 211 2958 non
232 2903 321 2957 fuisse
342 2904 372 2957 in
390 2907 520 2973 exemplo
540 2902 648 2970 Rufini,
669 2909 702 2957 ut
722 2905 869 2958 credamus
892 2905 987 2959 facere
1005 2911 1102 2975 potest
1119 2904 1165 2958 hic
1178 2901 1329 2972 Recognit.

152 2971 189 3038 V,
207 2973 241 3025 25
263 2973 358 3025 loeus:
387 2978 435 3040 „et
458 2990 492 3026 ex
516 2971 600 3041 ipsis,
626 2971 675 3052 qui
697 2971 810 3040 impura
829 2971 966 3043 figmenta
988 2979 1017 3027 et
1037 2973 1162 3042 pollutas
1191 2971 1331 3041 imagines

152 3045 341 3106 venerantur,
363 3039 495 3094 nonnulli
517 3056 646 3092 conversi
665 3041 700 3092 ad
720 3041 817 3108 deum,
839 3047 869 3095 et
889 3048 1057 3096 revocantes
1076 3057 1105 3094 se
1123 3057 1140 3094 a
1157 3039 1283 3109 peccatis
1303 3045 1332 3092 et

153 3114 274 3178 agentes
293 3108 368 3162 bona
382 3125 480 3177 opera,
501 3107 673 3176 perveniunt
685 3108 720 3159 ad
735 3108 882 3162 salutem“.
917 3109 1032 3178 Ergone
1051 3107 1200 3162 retinenda
1219 3114 1332 3162 suntet

154 3177 197 3228 sie
211 3174 393 3244 accipienda:
412 3173 579 3245 „quamvis“
600 3175 644 3228 vel
662 3174 751 3242 „adeo
764 3175 907 3254 pagani‘?
941 3176 1092 3295 Pagarum
1112 3175 1257 3245 significat
1277 3191 1330 3228 vox

148 3242 251 3312 Ἕλλην
272 3241 357 3296 etiam
379 3243 454 3296 infra
477 3261 504 3311 p.
516 3243 576 3310 241,
593 3243 617 3309 6,
638 3247 671 3294 ut
692 3258 807 3310 saeprus
828 3242 857 3294 in
878 3260 951 3296 novo
976 3243 1172 3296 'estamento
1206 3243 1252 3294 An
1277 3258 1329 3310 pro

148 3309 279 3379 Ἕλληνες
291 3310 486 3365 scribendum:
499 3313 712 3377 ἐλεηθέντες,
725 3309 854 3376 „veniam
867 3308 981 3362 nacti“?
1015 3311 1079 3362 Hoc
1097 3311 1146 3379 qui
1157 3308 1329 3377 probaverit,

155 3377 182 3430 ei
201 3377 384 3432 statuendum
402 3379 468 3444 erit,
490 3385 540 3430 aut
559 3375 744 3446 participium
768 3375 990 3449 προσευξάμενοι
1007 3382 1057 3428 aut
1079 3375 1197 3428 verbum
1218 3373 1330 3428 finitum

159 3443 355 3520 προσηύξαντο
368 3447 480 3513 lacuna,
494 3460 567 3514 quae
579 3445 706 3513 proxime
718 3443 927 3512 antegreditur,
941 3459 1004 3498 esse
1018 3443 1159 3496 baustum.

221 3513 254 3566 P.
267 3513 326 3580 934,
344 3513 359 3564 1
379 3513 505 3566 seribere
524 3519 654 3592 praestat
671 3514 828 3565 secundum
846 3513 974 3566 codicem
996 3509 1034 3563 O:
1055 3508 1109 3564 ἀλλ’
1126 3507 1159 3564 οὗ
1180 3507 1230 3576 τὴν
1246 3507 1332 3578 ἀρχὴν

154 3587 230 3644 cett,
255 3581 490 3651 interrogationis
513 3585 683 3648 s1gnopost
704 3578 1010 3652 ίνθυμεῖσθαιροεὶῖο.
1046 3577 1119 3631 Sunt
1137 3583 1233 3630 autem
1259 3575 1341 3633 haec,
1415 3605 1418 3610 ·

154 3649 244 3702 verba
257 3647 386 3716 aliorum,
397 3665 454 3701 non
467 3647 559 3714 Petri,
581 3647 611 3699 id
625 3649 702 3718 quod
717 3664 852 3720 expresso
865 3645 953 3700 verbo
967 3646 1096 3716 ‚,inquit“
1110 3643 1290 3714 significatur
1302 3643 1331 3696 in

153 3714 309 3785 Recognit.
323 3715 338 3768 Ι.
354 3731 376 3768 ο.
411 3716 478 3769 Non
492 3713 596 3784 liquet,
618 3721 712 3766 utrum
726 3715 817 3768 codex
832 3719 854 3768 0
867 3715 1019 3783 praebeat:
1041 3713 1098 3767 ἀλλ’
1120 3713 1152 3768 οὐ
1173 3709 1272 3786 ἀρχὴν,
1294 3727 1331 3764 an

156 3782 211 3838 ἀλλ’
229 3785 261 3838 οὐ
279 3782 330 3851 τὴν
345 3782 441 3858 ἀρχὴν.
478 3782 552 3836 ΙΙΙυδ
576 3784 745 3836 sumendum
764 3789 854 3850 esset,
874 3783 897 3834 si
915 3781 1111 3836 annotationis
1129 3783 1242 3852 signum
1251 3781 1330 3849 justo

156 3849 221 3905 loco
241 3850 415 3904 collocatum
437 3867 500 3904 esse
519 3854 672 3904 constaret.
708 3851 748 3902 At
769 3849 836 3918 boc,
859 3851 971 3918 opinor,
995 3849 1192 3902 verosimilius.
1210 3879 1243 3886 -
1264 3843 1333 3899 V.4

158 3915 334 3988 Schwegleri
347 3920 533 3972 mutationem
548 3917 625 3970 haud
638 3917 709 3972 adeo
723 3924 829 3971 certam
844 3917 1046 4000 judicaverim,
1064 3923 1096 3968 ut
1111 3918 1140 3968 in
1157 3913 1332 3999 perpetuita-

157 3991 215 4038 tem
239 3984 391 4038 verborum
412 3991 556 4054 receptam
570 3985 663 4039 velim.
691 3984 828 4038 Codicum
847 3983 1002 4052 scriptura:
1030 3983 1075 4052 σφ’
1090 3985 1186 4053 ἑτέρου
1206 3980 1330 4051 ανάγκης,

157 4053 249 4123 magis
283 4055 388 4106 uadrat
401 4056 437 4106 ad
452 4053 585 4122 opposita
597 4054 697 4108 verba:
711 4056 769 4122 ἰδίᾳ
782 4057 954 4124 προαιρέσει.

225 4121 256 4173 Ρ.
264 4071 328 4184 tiiiii,
342 4121 357 4174 1
369 4138 436 4174 vera
449 4121 561 4174 videtur
573 4119 686 4174 Davisii
704 4125 883 4192 conjectura:
906 4120 946 4186 τῷ
963 4122 1001 4178 εἰς
1012 4120 1140 4202 μείζονα.
1158 4147 1189 4154 -
1211 4114 1245 4168 V.
1261 4115 1332 4186 8sq.

157 4193 313 4256 quaesunt
331 4189 432 4242 verba:
454 4187 499 4244 διὸ
518 4186 582 4242 οὔτε
601 4192 719 4248 τελείους
733 4187 828 4250 ὑετοὺς
846 4191 972 4258 παρέχει,
992 4204 1054 4237 oure
1071 4203 1105 4253 γη
1119 4182 1183 4244 τοὺς
1199 4182 1330 4256 καρπούς,

159 4272 245 4324 quum
271 4258 392 4324 primum
417 4255 476 4326 legi
496 4255 537 4309 sic
568 4255 746 4308 emendanda
767 4271 829 4308 esse
854 4253 954 4307 statui:
978 4249 1041 4306 οὔτε
1061 4252 1127 4315 ivel:
1147 4251 1189 4312 od)
1211 4256 1333 4322 νεφέλη

157 4321 222 4386 τοὺς
235 4322 332 4386 ὑετοὺς
344 4329 410 4378 eett.
432 4325 502 4378 Post
513 4323 580 4390 vidi,
594 4321 724 4374 similiter
733 4321 791 4390 jam
803 4321 950 4375 Davisiurn
963 4319 1123 4390 conjecisse
1138 4319 1332 4374 scribendum:
