3126 4894
352 419 398 466 su
411 416 696 470 cmunumsnou
717 417 1088 474 oumrnauounns.
1240 405 1302 470 251

134 565 258 620 Dionem
272 561 418 634 chrysost.
432 562 468 629 V,
480 563 524 631 83,
536 562 587 618 ubi
598 567 700 634 βραχέα
711 569 756 620 καὶ
770 563 924 624 διθάλαττα
935 572 980 622 καὶ
993 573 1093 622 ταινίαι
1106 572 1209 640 μακραὶ
1221 573 1260 639 μέ
1277 591 1306 636 ρι

133 636 240 688 πολλοῦ
252 631 399 698 διήκουσαι
411 637 675 698 commemorantur,
692 631 858 695 διθάλαττα,
871 638 903 685 nt
916 634 976 702 jam
991 632 1176 688 casaubonus
1189 633 1252 689 Vol.
1281 637 1305 704 Ι,

132 719 158 770 p.
170 698 222 752 457
235 697 400 764 adnotavit,
419 703 485 752 sunt
503 715 624 764 „arenae
643 698 747 752 cumuli
765 697 898 770 ingentes
914 699 1031 755 efundo
1048 701 1133 756 maris
1147 706 1305 824 spffiejpp

1247 808 1253 836 l

133 764 313 836 superficiem
331 781 361 818 se
379 765 576 822 attollentes“.
612 765 795 821 Similiter-in
811 764 894 820 Actis
911 765 1110 837 Apostolorum
1128 768 1156 821 X

24 905 25 910 Ἰ
134 832 307 893 eradicabor
319 831 408 893 τόπος
419 838 464 886 est
478 833 557 886 locus
570 833 600 886 in
613 833 682 888 mari
693 833 820 888 eminens
843 834 880 889 ad
890 835 971 888 littus
982 835 1062 888 situs.
1081 834 1140 889 Fac
1151 836 1305 892 dictionem

136 901 310 962 ιλιαόλασσος
322 900 410 960 τόπος
426 917 444 954 a
461 899 598 970 scriptore
616 900 805 954 Homiliarum
821 872 876 955 lroc
894 901 993 956 eodem
1012 901 1178 974 significatu
1195 904 1305 960 adbibi-

24 1011 25 1034 ,
134 975 288 1032 tamesae,
310 966 379 1036 quid
400 965 452 1020 fiet
473 966 508 1021 de
527 967 652 1022 dictione
674 967 823 1041 θηριώδεις
840 969 943 1024 τόποιλ
965 969 1205 1040 Interpretantur:
1226 971 1306 1038 „fera

23 1088 24 1102 ¹
133 1035 226 1089 loca“.
250 1033 291 1086 At
303 1033 379 1087 enim
390 1051 457 1088 vero
469 1035 533 1104 quis
545 1052 601 1088 non
613 1035 724 1103 rideat,
736 1035 810 1090 hanc
823 1036 1086 1106 interpretationem
1098 1056 1155 1094 non
1168 1039 1304 1108 quadrare

133 1102 169 1158 ad
187 1101 359 1155 sententiam
373 1101 497 1154 universi
511 1102 665 1168 enuntiati,
688 1103 712 1156 si
734 1101 814 1169 „fera
826 1105 910 1158 loca“
928 1105 986 1160 alia
1005 1122 1068 1159 esse
1089 1111 1199 1160 statuas
1221 1124 1305 1176 quam

134 1169 217 1236 „loca
235 1169 371 1233 vadosa“,
397 1167 503 1240 frigere
524 1175 619 1223 autem
643 1169 845 1240 maximopere,
865 1171 890 1224 si
916 1172 1016 1226 eadem
1038 1172 1111 1226 velis
1133 1190 1204 1228 esse.
1240 1175 1305 1230 dam

134 1235 467 1358 illiiilellillialin
480 1237 876 1362 2221212222
889 1239 1304 1360 d⁰sllit2²iilqlirf⁸i⁰q⁰⁹'

134 1375 167 1426 dr
176 1345 213 1434 rc.
242 1370 324 1449 Haec
336 1376 432 1424 autem
444 1320 528 1426 liuius
540 1372 597 1451 loci
610 1324 851 1442 interplletatizpaut
869 1325 1078 1426 fr'siemendlltio
1091 1345 1176 1442 quarn
1188 1327 1258 1428 εἱάό
1264 1331 1305 1428 ala

134 1439 169 1492 ad
182 1443 371 1504 sententsam,
386 1444 501 1508 sponte,
514 1457 628 1509 opinor,
645 1445 770 1509 apparet.
788 1472 821 1480 —
841 1389 875 1494 lq.
889 1442 920 1492 ll
935 1439 1131 1510 Schweglerns
1140 1442 1205 1509 jure
1217 1391 1304 1494 osian-

135 1506 214 1560 derat
228 1505 258 1558 in
269 1522 338 1559 voce
349 1503 445 1578 μόνας.
481 1507 560 1573 dam,
579 1524 664 1576 quum
682 1506 744 1560 cod.
762 1503 786 1560 0
801 1513 868 1576 post
884 1507 1019 1579 ἁμαρτίας
1035 1506 1186 1576 praebeat:
1207 1513 1303 1572 αἰτίας,

136 1571 316 1628 scribendum
327 1589 389 1626 esse
400 1572 545 1628 existimo:
565 1573 622 1646 γνιό
645 1596 677 1635 ας
686 1573 759 1636 τάςόι
782 1582 877 1647 ιιρτλας
885 1580 981 1638 αἰτίας,
995 1573 1159 1641 „sentiendi
1168 1574 1294 1630 rationes

135 1658 205 1710 quae
216 1645 399 1720 peccatorum
412 1657 529 1695 caussae
543 1646 618 1694 sunt‘
632 1682 637 1692 .
653 1672 687 1682 —-
704 1639 738 1695 V.
767 1641 785 1694 3
798 1658 888 1712 aeque
900 1647 986 1714 atque
998 1641 1095 1712 paullo
1108 1640 1183 1696 infra
1193 1661 1220 1712 p.
1233 1642 1276 1709 21,
1288 1613 1305 1695 ό

135 1708 192 1762 reci
215 1706 301 1762 reuda
312 1713 373 1762 erat
386 1708 446 1762 cod.
460 1706 492 1762 0.
505 1709 657 1779 scriptura:
677 1706 765 1780 οόρια.

192 1727 335 1842 1i³.21,10
350 1793 408 1829 nou
424 1775 516 1830 minus
533 1794 617 1846 quam
629 1795 654 1830 r.
674 1777 707 1830 12
725 1775 913 1847 praeferenda
925 1782 986 1832 erat
997 1777 1059 1832 cod.
1074 1773 1097 1830 0
1115 1776 1304 1848 scripturam,

136 1860 220 1914 quam
231 1841 351 1911 praebet
364 1843 425 1897 cod.
438 1841 468 1896 G.

199 1909 231 1963 P.
243 1909 286 1975 22,
303 1909 320 1962 9
337 1910 368 1962 in
384 1910 494 1964 verbis:
516 1915 561 1966 καὶ
578 1910 618 1972 τὰ,
636 1910 768 1964 mendum
781 1911 875 1966 inesse
889 1911 1035 1978 existimo,
1054 1929 1088 1966 eo
1106 1911 1212 1982 magis,
1230 1912 1305 1981 quod

134 1978 193 2032 cod.
209 1974 233 2030 Ο
245 1993 296 2046 pro
310 1977 342 2032 τὰ
353 1979 485 2047 praebet:
500 1977 557 2045 τὴν.
592 1976 714 2032 Videtur
726 1984 822 2032 antem
834 1981 970 2050 scripturn
982 1979 1085 2034 fuisse:
1099 1988 1147 2036 καί
1158 1999 1240 2036 τινα.

199 2045 230 2097 Ρ.
244 2043 288 2110 23,
302 2046 335 2098 10
347 2044 520 2116 scripserim:
538 2050 644 2118 μένει.
661 2075 696 2085 -
713 2044 748 2100 V.
766 2047 799 2100 16
817 2063 877 2116 sqq.
896 2047 1075 2102 scribendum
1091 2046 1217 2100 videtur:
1239 2047 1306 2110 ἀξιῶ

134 2130 164 2169 σε
185 2109 367 2168 iniuriarum
384 2135 442 2187 μου
461 2118 518 2170 τῶν
534 2113 743 2186 συμπαρόντων
759 2113 904 2186 ἀδελφῶν,
930 2113 1039 2171 ὁπόταν
1060 2119 1111 2170 τοῦ
1129 2119 1250 2172 ἐνταῦθα
1271 2145 1305 2154 -

132 2176 279 2240 ἀπαλλάξω
290 2185 368 2248 βίον,
387 2179 500 2236 πάντα
517 2179 555 2236 τά
573 2188 653 2249 περὶ
671 2183 701 2237 σὲ
711 2179 827 2250 Ἰακώβῳ
839 2212 874 2220 -
886 2184 1046 2254 διαπέμψαι
1065 2186 1095 2238 ἐν
1107 2185 1231 2268 ἐπιτομῇ
1241 2183 1305 2238 ἀνα·

132 2245 316 2322 γραψάμενον
329 2251 400 2316 cett.¹
432 2247 612 2302 Vocabulum
625 2248 713 2310 ὅπως,
732 2248 808 2317 qnod
820 2247 850 2302 in
862 2247 943 2303 libris
955 2266 1036 2302 mscr.
1050 2254 1174 2304 estante
1187 2249 1305 2310 οπόταν,

132 2332 148 2370 e
160 2313 260 2402 primis
272 2313 357 2383 hujus
367 2314 446 2368 verbi
458 2314 579 2384 syllabis
592 2331 682 2368 errore
694 2313 740 2368 bis
756 2315 811 2368 scri
831 2315 870 2368 tis
882 2315 995 2370 videtur
1004 2321 1094 2370 ortum
1106 2333 1178 2370 esse.
1197 2317 1305 2371 Vocem

132 2403 225 2442 narra
242 2381 349 2451 sumpsi
367 2399 401 2436 ex
417 2381 495 2452 Epit.
513 2381 614 2453 prioris
633 2380 664 2436 C.
683 2379 761 2434 CXL
825 2400 832 2450 3
853 2388 1019 2452 sequentes:
1041 2383 1074 2438 τὰ
1092 2389 1171 2455 περὶ,
1190 2383 1305 2455 flagitat

131 2465 287 2524 pronomen
301 2451 338 2503 sl.

199 2517 231 2570 P.
251 2515 286 2568 24
312 2515 329 2568 8
346 2515 413 2569 ferri
429 2533 514 2586 posse
531 2515 644 2570 ridetur
665 2515 839 2584 adjectivum
858 2516 974 2580 πλάνος,
997 2516 1047 2584 „in
1067 2533 1187 2571 errorem
1206 2517 1244 2570 im
1265 2516 1305 2570 el-

133 2585 224 2640 lens“.
238 2615 272 2624 -
314 2625 319 2637 .
333 2584 365 2636 13
377 2583 492 2638 tolerari
505 2584 618 2638 omnino
631 2582 730 2652 nequit
742 2583 824 2638 codd.
838 2583 990 2654 scriptura:
1011 2585 1213 2656 ἐπιγράψαντα.
1277 2585 1305 2638 el

134 2653 175 2707 sic
187 2658 286 2706 tamen
299 2650 415 2704 dubium
427 2657 481 2716 est,
495 2668 561 2703 num
574 2651 728 2721 genuinam
741 2651 886 2720 scriptoris
898 2669 1011 2706 manum
1021 2651 1189 2718 restituerit,
1203 2651 1228 2704 si
1259 2652 1304 2704 uis

134 2720 164 2774 in
176 2736 210 2774 eo
223 2717 408 2840 aeguieverit,
421 2724 453 2772 ut
465 2718 618 2772 lectionem
630 2717 788 2790 ἐπιγράψας
799 2724 925 2772 assumat
937 2737 953 2773 e
967 2719 1027 2774 cod.
1039 2719 1111 2791 ng.
1124 2718 1176 2772 804
1185 2725 1214 2773 et
1251 2719 1303 2799 pit.

134 2785 235 2858 prioris
282 2783 446 2852 .OXLVII‚
459 2803 545 2855 quum
560 2803 617 2840 non
634 2785 720 2841 facile
734 2786 772 2839 sit
787 2786 825 2840 ad
842 2786 1076 2857 intelligendum,
1098 2787 1237 2856 quomodo
1254 2787 1306 2842 rlla

135 2854 189 2909 scri
211 2858 275 2908 tura
288 2869 322 2906 ex
333 2852 387 2908 bac
399 2853 466 2908 oriri
476 2853 610 2922 potuerit.
645 2853 767 2909 Videtur
779 2853 867 2926 igitur
879 2853 1015 2924 scriptum
1027 2853 1129 2910 fuisse:
1148 2853 1306 2926 ἐπιγράψας

136 2922 173 2978 τά
204 2941 229 2982 ε,
243 2921 299 2986 vel,
309 2919 388 3040 ίριιοό
400 2937 465 2975 vero
480 2920 566 2975 etiam
579 2921 714 2978 similius:
728 2925 840 2978 ταῦτα.

198 2987 230 3041 Ρ.
250 2990 293 3056 25,
345 3005 386 3058 sq.
406 2988 587 3042 scribendum
608 2990 719 3060 opinor:
743 2989 826 3045 κατὰ
846 2990 908 3062 (pro
925 2990 981 3061 καὶ)
1004 2989 1053 3070 τῂν
1071 2987 1183 3062 πρώτην
1195 2990 1306 3058 ἠλικίαν

133 3054 567 3194 clarescentes
607 3057 1305 3195 ”resursssssrsrrrsres

133 3191 260 3246 scilicet:
288 3193 427 3258 δυνηθείς.
448 3221 482 3230 -
504 3191 630 3247 Subinde
656 3190 837 3246 scribendum
862 3198 935 3246 erat:
964 3191 1148 3260 άπασχολοόυ
1166 3215 1191 3255 ς,
1219 3161 1304 3246 sicuti

133 3276 217 3329 snpra
229 3277 255 3328 p.
270 3257 312 3324 14,
324 3257 341 3310 6
354 3273 388 3310 ex
405 3258 467 3312 cod.
485 3257 516 3312 Ο.
534 3265 613 3313 recte
629 3263 774 3328 receptum
792 3265 849 3312 est:
871 3259 1126 3327 ἀπασχολείτωιταν.
1188 3259 1251 3324 lud,
1273 3264 1305 3312 nt

135 3327 189 3381 'am
201 3326 297 3396 video,
309 3341 407 3379 revera
418 3331 556 3382 testatum
567 3325 715 3396 reperitur,
726 3325 775 3380 cfr.
785 3325 861 3396 Epit.
874 3325 1021 3393 utriusque
1032 3323 1063 3380 O.
1072 3324 1087 3376 1
1097 3341 1160 3378 cum
1169 3325 1263 3381 adnot.
1271 3357 1305 3366 -

130 3343 166 3450 ll.
179 3393 196 3446 9
207 3392 374 3462 recipienda
387 3399 460 3460 erat,
479 3395 503 3446 si
516 3394 585 3464 quid
596 3392 679 3446 video
712 3391 885 3462 Schwegleri
903 3393 1081 3461 conjectura:
1101 3391 1253 3459 πάντας,
1275 3393 1305 3446 in

134 3478 217 3530 qnam
230 3476 284 3530 ego
298 3477 353 3530 qno
375 3477 410 3514 ne
429 3460 592 3515 incideram.
609 3491 644 3500 -
663 3431 697 3514 V’.
711 3460 744 3512 12
760 3458 939 3514 admittenda
956 3475 1013 3513 non
1030 3462 1091 3512 erat
1109 3458 1170 3512 cod.
1188 3457 1219 3512 0.
1238 3459 1305 3513 scri·

133 3534 217 3598 ptura
228 3529 299 3588 ἔτος.
315 3559 348 3567 -
394 3569 399 3578 .
415 3528 446 3582 13
459 3528 651 3582 scribendum:
675 3524 686 3544 “
703 3533 759 3589 καὶ,
779 3542 862 3596 quam
875 3526 966 3596 ipsam
979 3525 1147 3594 scripturam
1158 3526 1305 3598 porrigunt

133 3594 214 3650 codd.
228 3593 425 3650 Tischendorf.
439 3601 468 3648 et
482 3594 650 3664 coddEpit.
693 3614 715 3648 r.
751 3594 839 3649 Posse
861 3601 893 3650 ut
913 3593 984 3648 haec
1003 3593 1089 3648 verba
1108 3593 1139 3648 in
1151 3594 1305 3666 interroga-

132 3664 211 3718 tione
223 3661 320 3732 posita
333 3669 437 3727 essent,
450 3661 655 3718 intellexerunt
666 3661 836 3718 Dnnckerus
850 3668 878 3718 et
889 3660 1073 3717 Uhlhorniua.

202 3730 234 3784 P.
252 3729 302 3796 26,
315 3730 332 3784 3
343 3735 470 3800 praestat
483 3729 544 3783 cod.
558 3728 587 3786 C.
602 3730 785 3800 scripturam}
803 3735 881 3798 αθῆς.
890 3729 967 3784 -V.
981 3731 1013 3783 12
1031 3747 1071 3816 sq.
1089 3729 1151 3786 cod.
1168 3727 1306 3784 Tischen-

135 3797 204 3876 dorf.
218 3797 319 3852 orient.
331 3796 432 3854 habet:
450 3803 494 3853 sal
507 3795 595 3853 ὁπότε
606 3801 684 3878 γοῦν,
698 3800 760 3852 cod.
801 3799 869 3854 isch.
882 3798 963 3852 Ital:
980 3803 1026 3854 καὶ
1042 3796 1131 3856 οπότε
1148 3795 1205 3876 οὖν,
1224 3797 1305 3876 codd.

134 3865 210 3936 Eprt.
224 3865 290 3918 Dr:
310 3863 398 3920 ὁπότε
411 3861 468 3920 οὖν.
504 3863 560 3918 Illa
578 3863 796 3922 Trechendorfio
807 3873 951 3936 praestare
968 3864 1101 3920 videntur
1117 3867 1234 3919 lectrom
1247 3864 1306 3917 vul·

134 3939 229 4004 gatae.
264 3931 405 4001 Equidem
422 3931 498 3986 haud
516 3949 598 3986 secus
621 3938 717 3986 statuo
739 3931 774 3986 dc
795 3933 934 3988 vocabulo
953 3932 1051 3994 ὁπότε,
1075 3933 1125 3986 sed
1145 3947 1244 3984 rocem
1262 3935 1307 3984 καὶ

135 4001 228 4054 miuus
241 4004 338 4069 aptam
351 4015 414 4054 esse
427 4016 537 4054 censeo.
556 4031 590 4040 -
606 3998 641 4054 V.
654 3999 687 4052 13
700 4015 760 4068 sqq.
773 4001 859 4056 etiarn
873 4000 954 4055 codd.
968 3997 1165 4052 Tischeudorf.
1183 4002 1212 4050 et
1218 3995 1305 4074 codd.

134 4066 211 4138 Epit.
224 4067 276 4119 Dr.
290 4067 395 4120 sistrm
407 4066 507 4122 verba:
527 4065 701 4140 ἐλυπούμην·
723 4072 822 4123 πλεῖον
838 4070 870 4122 δὲ
886 4065 1029 4153 ἠθύμουν,
1046 4071 1077 4118 at
1094 4069 1245 4134 sequentra
1264 4063 1306 4118 sic

135 4133 922 4272 restansreserassetrr
937 4129 1306 4268 tetrantes

135 4269 188 4324 scri
209 4268 281 4323 toris
294 4285 394 4324 manus
414 4269 451 4322 sit
484 4285 541 4322 non
552 4268 666 4324 videtur
678 4266 802 4322 dubitari
817 4222 909 4337 prisse-
926 4298 960 4308 —
1010 4308 1015 4318 .
1028 4265 1062 4320 15
1074 4265 1155 4322 codd.
1168 4264 1306 4320 Tischen·

136 4287 209 4392 dorl?
217 4341 247 4392 et
265 4335 347 4390 codd.
360 4335 436 4406 Epit.
478 4354 498 4388 r.
515 4335 669 4405 praebent:
689 4335 761 4405 πλὴν
778 4334 922 4401 ἐνενόουν,
939 4333 1014 4406 quod
1030 4333 1146 4390 etiams
1164 4333 1306 4390 cotelerio

139 4403 167 4458 in
177 4403 255 4477 Epit.
269 4403 378 4462 editum
391 4407 442 4460 est.
473 4401 722 4470 Tischendorfiua‚
735 4420 822 4474 quum·
830 4401 951 4460 Rufinus
967 4401 1170 4474 interpretatus
1186 4403 1225 4456 sit
1237 4401 1307 4471 „sed
