3162 4900
383 342 429 390 An
443 341 640 392 cnaunnrrs
652 343 733 392 eoru.
748 342 841 398 onan
853 343 928 392 nnn.
943 341 1118 391 uoumms.
1276 327 1336 392 291

232 489 264 542 P.
284 490 343 556 261,
362 489 396 542 10
417 487 566 559 utriusque
585 489 773 542 Homiliarum
797 489 904 542 codicis
926 489 1108 556 scripturam:
1133 490 1242 551 αὐτοῖς,
1267 491 1340 544 nihil

164 558 245 610 aliud
266 573 329 610 esse
348 573 445 626 quam:
464 556 589 618 αὐτοὺς
613 565 669 611 ταῖ
672 579 697 619 ς,
716 562 836 624 apparet
855 573 888 609 ex
909 557 983 625 Epit.
1001 557 1121 610 alterius
1139 555 1170 610 C.
1189 556 1338 612 LXXVII.

164 627 265 688 Porro,
277 641 375 678 numo
398 641 431 676 us
445 625 533 677 fuerit
544 627 621 705 μηδὲ,
637 625 713 694 quod
729 631 773 676 est
785 630 851 678 ante
863 623 955 688 ἄλλον,
969 629 1078 678 mutare
1091 626 1118 676 in
1158 625 1171 692 I

161 693 250 745 Errat
262 698 357 744 autem
399 691 533 745 rosselins
546 710 573 745 ιο
588 693 684 744 adnot.
697 693 713 744 2
725 693 762 745 ad
775 691 851 760 Epit.
864 691 983 746 alterius
1002 689 1032 744 O.
1044 647 1198 758 LXXVII,
1217 709 1291 762 quac
1310 699 1339 746 et

1174 645 1214 689 τε,
1228 625 1338 679 dubito.
1412 651 1422 668 ο

161 761 227 828 ipsa
243 757 344 812 habet:
365 761 445 831 μηδὲ,
468 765 499 812 ut
520 759 604 812 etiarn
619 760 695 828 Epit.
713 757 798 828 prior,
815 758 958 828 referens,
971 757 1043 832 μήτε
1061 776 1125 813 esse
1148 761 1177 814 in
1194 759 1337 814 Homiliis.
1426 817 1436 834 ι

162 825 247 894 Min
259 858 292 867 -
308 829 381 899 μηδὲ
394 825 551 896 sIgnificat:
574 843 684 897 „neque
697 859 730 866 -
742 843 836 896 neque
853 830 948 892 vero“,
967 827 1042 896 quod
1061 825 1115 880 hoc
1132 828 1197 882 loco
1215 845 1272 881 non
1296 827 1337 882 iu·

162 902 268 962 eptum.
281 925 314 932 —
326 895 360 950 V.
374 895 407 946 15
419 912 476 950 non
488 893 581 964 liquet
594 911 645 948 cur
661 893 828 947 Dresselins
844 894 987 962 respuerit
1005 895 1112 948 codicis
1126 893 1149 948 Ο
1168 895 1336 964 scripturam

160 965 305 1026 ἐνιαυτῶν,
331 978 405 1031 quae
430 967 475 1014 est
499 961 583 1016 etiam
605 961 633 1014 in
654 961 730 1031 Epit.
752 963 847 1042 prior.²
869 963 920 1015 sed
944 979 1001 1016 non
1022 961 1052 1014 iu
1071 963 1147 1031 Epit.
1169 965 1286 1018 alterius
1306 961 1336 1016 C.

161 1029 326 1082 LXXVIII.
336 1060 364 1067 -
381 1028 414 1082 V.
425 1030 456 1082 16
471 1047 504 1082 ex
519 1031 618 1082 codice
629 1027 651 1082 0
664 1037 808 1097 receptum
819 1029 962 1082 videmus:
975 1028 1158 1100 ναοφράγιον,
1170 1048 1270 1085 vocem
1280 1047 1338 1084 non

161 1113 304 1166 graecam,
318 1097 367 1150 sed
381 1096 507 1164 latinam,
540 1113 594 1150 uae
608 1095 730 1150 furcillis
744 1103 805 1150 erat
817 1097 1004 1152 extrudenda.
1039 1099 1119 1152 Idem
1133 1098 1243 1152 factum
1257 1115 1337 1167 repe·

162 1167 251 1217 rimus
264 1182 291 1233 p.
304 1165 362 1232 272,
377 1164 409 1216 12
429 1173 457 1217 et
473 1165 529 1232 p.2
553 1167 571 1229 l,
584 1166 608 1218 5.
643 1165 739 1216 Primo
757 1163 821 1218 loco
838 1165 938 1218 deesse
956 1165 1125 1219 vocabulum
1143 1167 1173 1218 in
1190 1167 1290 1220 codice
1304 1162 1337 1232 O,

163 1233 307 1300 expressis
325 1231 421 1284 verbis
442 1237 565 1286 testatus
584 1237 628 1286 est
648 1231 826 1300 Dresselins,
847 1232 965 1302 reliquis
988 1233 1099 1286 dnobus
1120 1249 1206 1301 quum
1228 1232 1337 1285 nullam

162 1300 320 1368 scripturae
333 1299 500 1353 varietatem
514 1302 671 1352 enotaverit
682 1301 725 1352 vir
739 1299 850 1368 doctus,
864 1301 949 1353 etiam
960 1301 1051 1354 codex
1064 1296 1087 1352 Ο
1101 1315 1199 1352 vocem
1212 1297 1336 1370 νανφρά-

174 1387 227 1422 ἰον
239 1369 378 1436 praebere
391 1366 481 1420 videri
494 1367 594 1434 possit.
621 1366 662 1421 At
674 1384 728 1435 ego
742 1368 857 1446 quidem
871 1368 907 1420 de
921 1366 975 1420 hoc
988 1366 1096 1421 dubito.
1120 1365 1248 1436 Reliquis
1262 1367 1337 1420 eninr

161 1389 244 1501 Iocis,
258 1434 361 1505 quibus
376 1433 467 1488 forma
479 1433 652 1506 ναυφράγιον
664 1443 806 1504 reperrtur
817 1435 847 1486 in
860 1435 959 1488 codice
973 1431 995 1486 O
1011 1465 1048 1483 -s
1063 1439 1130 1486 suut
1148 1443 1242 1488 autem
1255 1436 1336 1504 quin-

161 1499 713 1639 sagraassaturam
721 1499 1209 1638 slitrzrlruaulalb
1217 1503 1241 1565 ¹³
1251 1501 1337 1632 331

163 1637 331 1690 Dresselius
343 1591 442 1707 μγ261,
456 1643 552 1690 annot.
566 1638 590 1706 9,
605 1654 620 1691 e
634 1635 809 1722 Schwegleri
822 1635 947 1690 editione
961 1636 1156 1704 transscripsit
1179 1637 1261 1691 Hom.
1273 1635 1335 1703 XV,

159 1708 177 1760 3
191 1711 237 1769 (an
247 1704 295 1769 47)
312 1705 369 1774 legi
382 1702 504 1775 ναυάγια,
519 1722 597 1758 crror
608 1709 660 1763 est.
680 1705 713 1758 In
726 1703 873 1782 Epitomes
886 1703 1003 1757 alterius
1017 1701 1047 1758 C.
1061 1675 1184 1758 CXXIV
1196 1706 1337 1774 reperitur

161 1791 231 1827 sane
243 1772 415 1827 vocabulum
434 1779 560 1842 ναυαγία,
580 1777 611 1825 ut
629 1772 714 1826 etiarn
728 1772 757 1824 in
769 1773 845 1841 Eprt.
858 1789 898 1840 pr.
913 1769 943 1824 O.
956 1769 1062 1839 XCIX,
1080 1789 1132 1841 pro
1149 1789 1205 1842 quo
1220 1771 1335 1826 serioris

160 1841 224 1894 aevi
245 1841 401 1908 scriptores
421 1839 489 1892 inde
506 1857 523 1892 a
541 1839 682 1894 Strabone
699 1841 735 1894 ad
762 1837 945 1908 naufragium
968 1839 1160 1894 denotandum
1182 1856 1336 1908 usurpasse

159 1925 261 1962 vocem
274 1905 415 1978 ναυάγιον,
425 1908 540 1960 monuit
551 1907 717 1962 Lobeckius
729 1907 885 1976 Phrynieh.
920 1949 924 1958 .
938 1907 996 1960 519.
1008 1939 1042 1946 —
1053 1908 1088 1962 V.
1102 1910 1133 1963 17
1145 1909 1229 1961 unice
1239 1923 1336 1960 verum

160 1979 392 2050 ἐκβεβρασμένον,
415 1975 456 2028 ita
476 1979 508 2026 ut
526 1974 636 2028 mireris
659 1974 843 2030 aDresseIio
862 1974 891 2027 in
919 1975 981 2044 ‘pit
998 1975 1116 2030 alterius
1136 1973 1166 2029 C.
1180 1973 1336 2030 LXXVIII

161 2050 323 2110 receptum:
337 2045 568 2113 ἐκβεβρασμένον.
728 2103 731 2108 ,

228 2111 260 2163 Ρ.
272 2110 331 2177 262,
345 2110 378 2164 10
396 2112 493 2174 τοῦτο,
535 2111 592 2163 uod
605 2115 725 2180 uterque
738 2109 927 2164 HomiIIarum
941 2112 1031 2164 codex
1044 2110 1140 2176 habet,
1154 2116 1197 2164 est
1209 2111 1295 2164 etIam
1306 2111 1336 2164 in

159 2177 279 2232 alterius
291 2177 439 2246 Epitomcs
453 2173 484 2230 C.
497 2177 521 2229 L
583 2177 654 2232 VIII
660 2217 665 2243 ,
679 2177 729 2232 ubi
741 2178 851 2232 mireris
863 2195 920 2230 non
934 2185 1092 2234 correctum
1104 2195 1121 2232 a
1132 2177 1290 2232 Dresaelio.
1302 2209 1338 2218 -

158 2247 194 2301 V.
208 2245 241 2298 13
253 2262 344 2315 aeque
362 2253 449 2316 atquc
464 2243 494 2296 in
507 2246 584 2314 Epit.
604 2245 723 2300 alterius
742 2242 772 2298 C.
785 2243 914 2298 LXXIX
926 2246 1109 2300 scribendum
1122 2245 1247 2300 videtur:
1272 2265 1334 2302 πε-

159 2311 289 2370 πόνθει
314 2317 348 2370 ἐν
372 2319 563 2384 θεοσεβείᾳ.
589 2344 619 2352 -
643 2312 678 2367 V.
692 2313 724 2366 15
741 2329 810 2366 sane
828 2317 969 2381 praestat:
989 2312 1039 2368 τὸν
1057 2311 1195 2385 πονηρόν,
1208 2313 1336 2382 ineptum

157 2387 289 2502 {efficis}
301 2378 319 2450 ἢ
336 2387 402 2434 ante
422 2383 460 2450 τῷ
472 2383 598 2452 πονηρῷ,
617 2381 695 2452 quod
714 2379 823 2433 editum
840 2379 995 2448 reperimus
1012 2381 1041 2434 in
1053 2380 1203 2448 utriusque
1214 2381 1291 2448 Epit.
1305 2378 1335 2432 C.

227 2517 259 2572 P.
272 2515 331 2584 263,
349 2516 366 2568 9
384 2514 549 2570 Dresselius
571 2515 647 2570 haud
667 2515 753 2568 dubie
766 2514 962 2582 reponendam
975 2531 1038 2570 esse
1053 2513 1188 2568 censebat
1200 2512 1335 2568 formam:

160 2583 250 2648 οὕτω,
270 2589 408 2654 tanquam
427 2583 535 2637 codicis
554 2580 578 2636 Ο
596 2584 773 2652 scripturam.
808 2580 849 2634 At
865 2599 923 2635 non
940 2583 1070 2636 constitit
1092 2581 1147 2634 sibi
1164 2580 1206 2634 vir
1224 2582 1337 2650 doctus,

161 2653 213 2707 cfr.
225 2653 311 2706 modo
345 2668 381 2704 ne
418 2653 481 2706 lura
499 2650 629 2714 afferam,
667 2647 1336 2720 .264,9etp.265,16,etutrIusqueEpit.O.

157 2717 287 2785 cxxx,
312 2691 396 2772 Ixx
429 2720 470 2787 u,
494 2717 623 2772 uxrrxr
653 2748 703 2770 .-
726 2717 761 2771 v.
775 2717 834 2770 ενα
858 2715 984 2770 aare
998 2718 1108 2787 recepit
1120 2721 1219 2792 παρα,
1232 2717 1336 2787 τροφάς

159 2787 238 2858 quod
251 2793 296 2840 est
310 2791 395 2840 etIam
406 2788 434 2838 ih
447 2786 597 2856 utriusque
609 2786 685 2854 Epit.
700 2783 731 2838 C.
742 2783 798 2837 LX
858 2786 884 2854 Ι,
902 2790 931 2838 et
943 2801 969 2852 p.
983 2784 1043 2852 302,
1058 2787 1093 2839 16
1103 2783 1208 2862 τροφὰς
1220 2789 1305 2854 πορίζ
1322 2817 1335 2828 -

159 2879 219 2928 μαι,
233 2872 395 2975 Quanquam
415 2872 440 2923 p.
458 2855 515 2918 117,
535 2853 569 2933 ll
584 2859 705 2932 uterque
723 2853 830 2908 Homil.
843 2854 934 2907 codex
952 2852 1053 2906 habet:
1077 2858 1202 2924 πορίζειν
1219 2852 1336 2932 τροφήν,

161 2931 190 3002 et
202 2939 229 2992 p.
241 2923 300 3001 267,
346 2939 445 3007 aeque¹
455 2926 543 2991 atque
561 2939 590 2974 111
601 2927 751 2992 utriusque
766 2921 842 2991 Epit.
856 2918 886 2976 0.
899 2919 1057 2977 LXXXIV
1070 2923 1136 2976 libri
1154 2925 1338 2974 consentiunt

159 2994 682 3136 1η80171ρὲἓῇῧ1ἒὲοἶ1ἶῖίεζενιέοἰρονο
702 3057 828 3112 debebat
846 3057 955 3112 codicis
973 3053 996 3110 Ο
1015 3057 1198 3127 scripturam:
1215 3076 1337 3136 αενιοιη-

159 3131 244 3180 κέναι.
264 3126 357 3178 Etram
370 3123 491 3178 Rufinus
504 3125 653 3194 Recoguit.
666 3123 732 3193 VII,
747 3125 793 3178 13:
813 3163 830 3192 „
851 3142 906 3178 uae
919 3125 976 3179 fuit
989 3142 1084 3192 causa,
1097 3132 1130 3178 ut
1142 3123 1198 3179 hoc
1209 3125 1262 3178 trbr
1275 3129 1336 3177 tan-

160 3198 221 3246 tum
242 3193 309 3246 mali
328 3193 391 3262 ipsa
409 3191 581 3246 conferres“.
605 3223 634 3230 —
657 3191 691 3246 V.
709 3192 726 3244 5
743 3209 828 3261 quam
875 3194 1010 3246 resselius
1028 3211 1062 3246 ex
1082 3190 1182 3246 codO
1199 3193 1337 3260 reposuit,

161 3261 216 3313 scri
240 3265 305 3312 tura
316 3257 351 3326 ἦν
362 3267 441 3312 recte
459 3277 517 3314 non
530 3264 574 3313 est
593 3264 710 3328 recepta
722 3257 751 3310 in
764 3257 788 3310 E
810 3259 840 3312 it.
873 3259 956 3312 rioris
970 3257 1001 3312 O.
1014 3259 1151 3327 LXXXI,
1164 3259 1292 3328 quamvis
1305 3260 1335 3312 in

160 3279 273 3380 duobus
288 3328 367 3380 libris
381 3345 462 3381 mscr.
476 3327 644 3397 reperiatur.
679 3325 772 3378 Etiam
821 3345 838 3379 u
861 3343 914 3378 nus
931 3341 999 3394 prae
1017 3327 1107 3379 oculis
1125 3327 1241 3378 habuit:
1262 3324 1288 3394 ἢ,
1305 3332 1337 3378 ut

160 3399 282 3464 apparet
304 3412 337 3448 ex
361 3395 438 3448 Reco
462 3397 510 3450 ult.
528 3395 546 3450 I.
561 3411 584 3448 o.
609 3426 640 3434 —
663 3393 698 3450 V.
721 3394 737 3446 9
758 3411 831 3474 quae
853 3398 931 3447 recte
952 3399 1069 3514 recelpta
1091 3399 1134 3446 est
1151 3411 1168 3448 a
1185 3393 1335 3447 Dresselio

160 3464 305 3532 scriptura
321 3463 429 3516 codicis
441 3412 480 3516 L:
496 3461 572 3533 μήτε,
587 3462 673 3516 ctiam
685 3463 714 3515 in
726 3461 802 3531 Eprt.
815 3461 962 3530 utriusque
976 3459 1006 3516 0.
1039 3458 1157 3514 XXXII
1169 3462 1336 3530 reponenda

160 3536 231 3584 erat.
243 3561 277 3568 -—
289 3529 323 3584 V.
338 3531 369 3582 15
384 3533 489 3585 idonea
500 3547 557 3583 non
570 3535 615 3582 est
626 3529 709 3596 ratio,
723 3547 780 3600 qua
791 3528 926 3584 Davisius
936 3545 1083 3582 removere
1097 3527 1208 3582 studuit
1221 3545 1336 3596 scrupu-

160 3599 205 3652 los
219 3595 365 3666 Cotelerii,
378 3597 549 3652 offendentis
563 3599 592 3650 in
606 3598 745 3652 dictione:
763 3601 814 3653 rori
827 3600 873 3662 ζ”ν
887 3595 937 3651 τὸν
949 3603 1012 3664 βίον
1024 3594 1194 3669 μεταλλάξαι.
1214 3595 1336 3650 Notissi-

162 3685 238 3720 mum
252 3664 365 3735 quidem
379 3673 436 3731 est,
455 3666 532 3737 quod
549 3665 658 3735 objecit
669 3664 819 3733 Davisius,
838 3621 965 3720 graecos
980 3665 1076 3719 dibere
1090 3667 1136 3733 ζῆν
1146 3671 1217 3734 βίον.
1253 3662 1337 3716 Hanc

161 3733 336 3788 locutionem
349 3740 514 3801 usurpatam
528 3733 632 3803 aliquis
647 3735 746 3788 credat
762 3733 841 3799 loco,
858 3735 905 3803 qui
920 3737 964 3786 cst
981 3750 1069 3803 supra
1080 3751 1108 3803 p.
1121 3733 1162 3800 11,
1176 3733 1205 3786 b:
1225 3733 1275 3786 τοῦ
1286 3733 1338 3787 νῦν

159 3808 223 3872 βίον
232 3807 327 3870 βιαίως
340 3801 372 3856 τὸ
386 3803 432 3871 ζῆν
443 3799 617 3873 μετήλλαξεν.
637 3801 742 3856 Verum
749 3801 822 3855 enim
835 3817 902 3855 vero
914 3800 1021 3854 oblitus
1032 3800 1245 3867 eratDavisius,
1256 3814 1337 3870 grae·

161 3887 225 3924 cum
240 3887 298 3924 non
312 3885 374 3922 esse
385 3867 585 3942 μεταλλάσοενν
599 3866 686 3932 τινός,
701 3871 752 3922 sed
763 3866 963 3942 μεταλλάσσειν
978 3890 1012 3924 τι.
1033 3869 1107 3922 Hinc
1121 3873 1240 3936 apparet
1251 3867 1336 3919 etiam

159 3969 195 3978 --
212 3937 291 4007 quod
305 3936 483 3990 nullumdum
499 3936 623 3989 sensisse
639 3953 692 4006 per
708 3942 753 3988 est
766 3936 868 3989 mirum
880 3967 926 3999 -,
943 3936 973 3988 in
990 3935 1085 3988 verbis
1102 3933 1226 3987 adhunc
1243 3933 1337 3985 Iocum

160 4003 390 4073 respicientibus,
403 4021 477 4074 quae
491 4003 627 4072 leguntur
639 4021 666 4071 p.
679 4003 738 4088 267,
752 4005 782 4056 17
796 4009 825 4057 et
836 4001 912 4072 Epit.
925 4002 1042 4056 alterius
1057 3999 1087 4054 0.
1100 3999 1268 4054 LXXXVI:
1292 4005 1337 4054 καὶ

160 4071 251 4134 οὕτως,
261 4071 335 4142 κάγώ
350 4074 401 4126 τοῦ
414 4074 466 4142 ζῆν,
481 4071 517 4132 ὡς
529 4075 605 4144 ἔφης,
617 4075 782 4144 peculiarior
796 4073 917 4140 δυνηθῶ,
931 4067 1063 4122 mendum
1077 4069 1179 4124 inesse.
1198 4066 1336 4120 Nimirum

158 4145 227 4210 post
239 4141 290 4194 τοῦ
305 4142 351 4207 ζῆν
363 4140 523 4194 intercidit:
542 4137 601 4194 τὸν
611 4144 694 4209 βίον.
713 4137 836 4192 Locutio
850 4139 901 4192 τοῦ
915 4139 960 4206 ζῆν
972 4135 987 4189 ὁ
998 4141 1059 4205 βίος
1070 4135 1144 4190 idem
1157 4135 1243 4213 valet,
1258 4135 1336 4203 quod

161 4207 251 4262 dictio
267 4209 314 4275 τῆς
327 4209 395 4274 ζωῆς
407 4205 422 4262 ὁ
435 4215 502 4277 βίος,
516 4224 572 4276 qua
585 4205 620 4260 de
634 4223 721 4274 supra
734 4207 770 4258 ad
783 4223 810 4274 p.
823 4206 864 4273 37,
880 4205 911 4256 10
923 4221 965 4274 sq.
978 4219 1070 4258 sermo
1086 4201 1148 4256 fuit.
1176 4201 1337 4256 Vrdendum

159 4281 256 4330 autem
276 4291 312 4328 an
331 4276 417 4328 ctIam
436 4275 537 4341 verba,
559 4291 633 4345 quae
651 4274 798 4342 leguntur,
821 4290 846 4340 p.
866 4273 906 4339 11,
924 4272 941 4325 5
958 4271 1014 4324 huc
1036 4271 1175 4324 trahenda
1192 4271 1250 4322 sint
1269 4272 1335 4324 scri-

158 4343 268 4397 bendo:
283 4342 343 4398 τὸν
356 4345 408 4398 νῦν
420 4349 453 4412 βί
459 4363 496 4398 ον
507 4349 602 4412 βιαίως
615 4344 665 4398 τοῦ
679 4343 725 4409 ζῆν
736 4337 912 4414 μετήλλαξεν.
930 4371 963 4380 -
979 4339 1013 4394 V.
1028 4339 1060 4392 12
1078 4337 1226 4411 utriusque
1239 4336 1336 4390 Homi-

1135 4425 1178 4465 ra*
