3162 4900
372 375 417 426 AD
430 374 628 426 CLEMENTIS
639 375 720 425 ROM.
735 375 828 432 QUAE
840 377 916 425 FER.
928 377 1105 427 HOMILIAS.
1262 362 1322 426 261

153 523 309 593 scriptura:
330 522 395 578 οῦδὲ
414 553 447 562 -
467 541 543 595 προσ

151 590 378 660 Exspectabam:
407 588 495 653 σώζει.
530 543 607 643 rien
628 595 724 644 tamen
741 595 851 660 potest,
872 597 905 644 ut
927 592 1063 671 scriptum
1083 590 1182 645 fuerit:
1209 590 1274 653 τοὺς
1293 596 1325 648 δὲ

151 660 326 728 ἀγνοοῦντας
337 657 397 713 οῦκ
414 663 464 722 (sc.
479 657 575 725 σώζει),
594 662 624 711 at
645 674 680 710 ue
700 656 830 712 librarius
847 658 925 728 quis,
943 675 988 712 cur
1005 658 1114 728 aliquid
1129 658 1229 712 deesse
1247 659 1325 713 vide-

150 733 242 793 retur,
259 742 407 812 perperam
425 723 568 777 addiderit
585 741 635 778 ver
655 743 701 778 um
720 729 801 780 λῦται.
819 758 852 765 -
876 725 904 780 V
920 727 951 778 11
971 725 1150 780 scribendum
1168 732 1224 780 est:
1243 731 1325 782 κολα

153 795 256 862 σθῆναι
277 795 319 865 ἐφ
348 781 388 848 ών
405 795 437 848 tn
460 796 518 855 αξε,
536 791 587 845 cfr.
605 811 630 846 v.
644 793 684 844 13.
700 823 734 831 -
754 793 788 845 V.
804 795 835 846 la
851 800 917 862 post
933 798 1029 850 ἔπειτα
1045 793 1197 848 inserenda
1211 794 1325 848 videtur

172 859 295 913 articula
307 861 350 914 δὲ.
368 892 402 898 -
450 899 455 909 .
469 858 503 910 14
515 875 574 938 sqq.
592 875 664 928 quae
681 859 816 930 leguntur
830 861 917 914 verba
934 860 1083 914 admodum
1096 861 1264 931 corruptori
1280 861 1324 916 fas

152 927 193 980 sit
204 931 330 993 tentare,
345 943 400 998 ego
413 925 588 996 scripserim:
607 931 674 988 λσως
692 930 723 982 δὲ
737 925 752 995 ἢ
765 931 812 997 τῆς
824 929 961 998 εὐσεβείας
974 929 1111 1003 ὑπερβολῇ
1123 927 1140 997 ἢ
1151 936 1197 984 καὶ
1209 933 1257 998 τῆς
1269 935 1324 984 ἱκε-

152 1001 215 1056 σίας
237 997 287 1062 (sc.
311 994 459 1070 ὑπερβολῇ)
481 999 527 1048 καὶ
549 997 600 1049 τοῦ
616 998 789 1062 κολασθῆναι
808 994 1028 1064 ἀπολυθήσεται,
1051 996 1256 1070 συγγνώμην
1278 999 1326 1065 τῆς

152 1061 290 1144 ἁμαρτίας
301 1062 372 1134 μετὰ
386 1063 433 1132 τῆς
443 1068 593 1134 μετανοίας
611 1063 803 1124 δεδωκυίας
820 1065 857 1130 τῆ
863 1085 876 1124 ς
889 1067 1035 1133 ἀγνοίας.
1049 1131 1055 1143 .
1070 1063 1232 1118 Postremos
1245 1065 1324 1144 geni-

150 1128 631 1317 {itfi't'bizstiiaibst
652 1135 845 1266 tibitibi.
876 1129 1030 1185 ΗΜΘ
1047 1149 1076 1184 ¹¹¹
1092 1137 1215 1186 merem
1236 1137 1325 1198 une,

568 528 646 602 ίρων.
668 553 702 562 -—
726 521 790 577 V.3
808 522 921 578 offendo
940 523 1071 592 equidem
1089 523 1120 578 in
1137 523 1224 578 verbo
1244 529 1325 581 ίῦτια.

262 1247 335 1330 όλ,3
353 1263 451 1316 nescio
470 1280 506 1316 an
525 1263 717 1334 reponendum
739 1264 778 1318 sit
796 1264 929 1321 περιττὸν
951 1281 985 1319 ex
1011 1282 1098 1336 marg.
1116 1265 1178 1318 cod.
1198 1264 1228 1318 G.
1240 1264 1323 1320 Certe
1424 1307 1432 1323 .

152 1337 289 1405 πέμπτον
305 1330 385 1384 nullo
422 1335 487 1384 aeto
505 1331 618 1384 videtur
634 1330 702 1384 ferri
719 1349 811 1401 neque
828 1321 885 1386 a'iio
898 1349 952 1401 quo
965 1331 1049 1385 modo
1060 1331 1251 1401 probabiliore
1264 1350 1323 1387 eor·

150 1399 208 1470 rigi
220 1415 313 1469 posse.
329 1429 364 1442 -
410 1399 463 1454 ,13
475 1397 655 1452 scribendum
666 1399 779 1452 videtur
792 1402 910 1468 τῆςρτο
922 1399 1012 1466 αὐτῆς.
1025 1431 1059 1438 -
1079 1399 1112 1452 V.
1127 1399 1172 1453 17:
1193 1400 1325 1462 τοῦὲνὸς

150 1473 198 1524 καλ
212 1466 305 1538 μόνου
321 1468 398 1521 θεοῦ.
415 1497 449 1504 -
470 1464 504 1520 V.
519 1467 552 1519 18
564 1483 618 1546 ego
656 1465 751 1520 uidem
768 1465 844 1520 baud
859 1482 944 1536 aegre
958 1465 1059 1520 carebo
1071 1482 1141 1519 voce
1153 1467 1322 1541 ἀνθρώπων,

152 1549 328 1656 ρρεῖιτγυααι
345 1531 433 1587 facile
450 1549 485 1586 ex
496 1550 521 1586 v.
535 1534 569 1589 15
589 1552 619 1587 m
637 1483 712 1587 dunc
729 1551 840 1587 versum
857 1531 1004 1586 transferri
1021 1533 1159 1603 potuerit,
1182 1536 1322 1590 neminem

166 1619 183 1656 a
198 1619 250 1722 eid.
261 1644 307 1736 112,
320 1667 353 1720 12
366 1685 408 1750 sq.
421 1667 575 1721 seeundum
590 1667 651 1753 cod.
665 1666 697 1720 0.
711 1667 891 1753 scribendum
903 1673 961 1755 est:
979 1701 1013 1707 -
1031 1668 1100 1755 παρὰ
1118 1671 1166 1737 τῆς
1181 1673 1233 1724 τοῦ
1251 1673 1323 1752 Θεοῦ

151 1739 1047 1875 γενεθλίουλλιειίελίεττεθαλυῖαν
1228 1737 1322 1792 V⁰f¹³⁰

220 1871 251 1924 Ρ.
264 1871 308 1936 83,
321 1871 338 1923 2
349 1869 543 1939 reponendum
556 1876 613 1924 est:
633 1870 719 1946 εῦρη.
832 1911 837 1926 ι

220 1938 251 1992 P.
264 1937 306 2000 84,
318 1937 335 1988 4
348 1936 377 1989 in
388 1937 498 1990 verbis:
514 1938 609 2022 πάθη,
629 1938 746 2002 τόπους,
766 1936 861 2011 ὅρους,
880 1943 946 2008 post
964 1939 1133 1994 vocabulum
1153 1939 1257 2004 τόπους
1275 1958 1322 1996 ex-

153 2006 271 2061 cidisse:
291 2009 525 2080 ἔμπροθέσμους,
545 2027 681 2075 τροπους,
708 2006 836 2060 ostendit
855 2006 950 2073 locus,
970 2007 1018 2076 qui
1040 2012 1084 2061 est
1100 2027 1126 2077 p.
1139 2009 1180 2072 85,
1198 2009 1215 2062 3
1231 2026 1272 2078 sq.
1289 2041 1323 2049 -

152 2075 188 2129 V.
201 2075 218 2127 9
229 2072 288 2128 reci
311 2071 396 2126 ienda
408 2076 453 2125 est
465 2071 582 2126 Davisii
594 2073 767 2127 emendatio:
787 2075 962 2144 πνευμάτων.

220 2141 251 2194 Ρ.
268 2091 344 2206 Βὲό
366 2139 438 2192 haec
462 2139 540 2193 edita
556 2141 701 2211 leguntur:
727 2140 898 2214 ἐπισπώμενα
920 2141 1094 2212 τεθαρρηκώς
1114 2146 1265 2204 ἐξετίθετο,
1287 2144 1323 2206 ώς

154 2213 319 2282 προίλεγον,
341 2210 448 2285 σαηῴς,
475 2207 568 2277 πάθη,
593 2207 705 2269 τόπους.
739 2206 780 2260 At
796 2210 916 2286 prImum
937 2193 1051 2278 quidem
1071 2227 1121 2278 pro
1142 2211 1322 2282 ίπιστιῖμενα,

153 2293 225 2346 quae
239 2274 300 2329 cod.
313 2272 344 2327 Ο.
359 2279 498 2343 serrptura
510 2281 641 2356 conupta
653 2281 706 2342 est,
718 2276 884 2344 reciprenda
898 2283 958 2330 erat
971 2277 1033 2331 eod.
1046 2275 1076 2328 O.
1090 2277 1191 2330 lectio:
1205 2279 1322 2335 ἐπιστώ-

152 2364 245 2413 μενος.
274 2341 388 2395 Deinde
402 2341 476 2410 quod
487 2348 659 2396 reeentrores
672 2342 809 2408 editores,
824 2342 944 2396 Davisio
957 2343 1102 2409 obsecuti,
1114 2361 1165 2413 pro
1177 2346 1323 2416 utriusque

153 2410 261 2466 codicis
280 2409 420 2478 scriptura
438 2415 588 2481 προίλεγεν
607 2410 795 2479 seripserunt:
814 2417 978 2482 προίλεγον,
998 2409 1072 2464 male
1089 2409 1274 2478 estfactum,
1294 2413 1323 2465 id

171 2478 228 2532 uod
237 2479 298 2547 jam
311 2493 345 2530 ex
364 2493 397 2529 eo
416 2483 547 2546 apparet,
587 2477 644 2531 uod
663 2482 812 2549 προλέγειν
829 2476 958 2547 profecto
976 2495 1033 2532 non
1051 2475 1197 2547 signifieat
1214 2486 1323 2546 „antea

152 2495 283 2611 dicere“,
298 2544 361 2598 sed:
376 2542 490 2610 „futura
501 2494 698 2614 praedicere&
712 2544 761 2598 ofr.
773 2562 799 2596 v.
811 2546 829 2598 4
841 2561 880 2614 sq.
905 2545 985 2612 Jam,
999 2562 1084 2616 quum
1097 2544 1158 2600 eod.
1172 2543 1196 2597 Ο
1208 2546 1322 2601 offerat:

154 2603 196 2669 ών
208 2617 372 2685 προέλεγεν,
390 2611 431 2677 ei,
450 2611 498 2681 qui
511 2614 716 2682 comparaverit
728 2610 816 2668 verba
829 2611 974 2666 simillima
985 2613 1082 2683 paullo
1096 2629 1194 2682 supra,
1213 2633 1240 2684 p.
1251 2616 1294 2682 st,
1306 2615 1323 2668 3

152 2681 261 2751 posita:
281 2679 335 2736 Διὸ
349 2679 559 2752 τεθαρρηκότως
571 2685 708 2742 ἐξετίθετο
727 2685 791 2749 περὶ
811 2683 867 2736 τών
879 2679 1040 2753 μελλόντων
1057 2682 1184 2744 ἔσεσθαι,
1203 2687 1235 2734 λε’
1252 2705 1273 2738 ω
1291 2685 1322 2738 δὲ

153 2748 240 2817 πάθη,
254 2745 360 2809 τόπους
371 2753 447 2813 cett,
462 2753 684 2802 consentaneum
693 2747 837 2802 videbitur
849 2764 922 2814 esse,
935 2746 988 2801 hoo
1001 2748 1064 2802 loeo
1074 2747 1210 2818 seriptum
1251 2748 1322 2804 isse:

153 2819 292 2878 ἐξετίθετο
312 2821 388 2882 περὶ
406 2805 445 2870 ὧν
463 2820 619 2886 προέλεγεν.
655 2814 733 2879 Quae
748 2815 772 2868 si
787 2821 865 2870 reete
879 2820 945 2868 sunt
962 2815 1122 2886 disputata,
1141 2832 1259 2870 neeesse
1278 2824 1322 2870 est

152 2883 183 2936 in
200 2881 350 2953 postremis
370 2881 465 2936 verbis
482 2882 576 2936 inesse
596 2883 728 2936 mendum
746 2899 895 2937 sumamus.
933 2881 1005 2936 Sunt
1023 2899 1057 2937 ea
1078 2882 1119 2936 sic
1135 2883 1321 2950 restituenda,

152 2956 185 3004 ut
200 2955 251 3004 aut
285 2967 316 3002 ro
334 2966 369 3004 αα
395 2945 431 3010 ώς
448 2949 604 3004 scribatur:
627 2956 834 3028 σαφηνίζον,
853 2957 903 3004 aut
918 2956 984 3021 post
1003 2954 1100 3024 σαηώς
1110 2949 1251 3005 inseratur
1262 2968 1322 3005 ver·

153 3019 220 3072 bum
232 2967 301 3082 tuiis,
314 2969 398 3096 queis
411 3022 455 3070 est
466 3020 585 3086 δηλών.
610 3016 658 3072 Sre
669 3018 771 3072 verba:
786 3018 863 3088 πάθη
876 3025 942 3072 cett.
956 3018 1072 3085 habent,
1085 3018 1160 3072 unde
1190 3018 1320 3074 endeent.

152 3117 187 3126 -
202 3085 267 3140 V.9
283 3083 462 3138 scribendum
479 3101 557 3138 esse:
577 3085 675 3156 ὁμώς,
694 3084 865 3140 Dunekerus
882 3091 986 3141 monet.
1020 3087 1086 3142 dam
1103 3037 1263 3141 Coteierius
1280 3088 1321 3141 in·

152 3157 326 3222 terpretatus
340 3158 414 3205 erat:
432 3151 584 3222 „pariter“.

220 3219 251 3272 P.
264 3219 333 3284 86,1
350 3235 410 3288 sqq.
430 3221 460 3272 in
476 3218 584 3274 verbis:
613 3222 684 3278 Θεοῦ
702 3223 753 3274 τοῦ
772 3219 806 3274 τὰ
823 3219 915 3274 πάντα
931 3221 1119 3290 πεποιηκότος
1137 3221 1169 3277 τὸ
1185 3229 1258 3294 μέγα
1275 3230 1321 3278 καὶ

152 3287 235 3358 ἅγιον
252 3289 299 3352 τῆς
313 3285 499 3372 προγνώσεως
518 3287 604 3342 αὐτοῦ
623 3290 734 3358 πνεῦμα
753 3292 777 3340 εἰ
792 3285 832 3360 μὴ
847 3291 886 3358 τῷ
899 3285 956 3341 ὑπὸ
963 3293 1068 3359 χειρών
1080 3288 1167 3342 αὐτοῦ
1178 3310 1319 3360 κυοφορη-

153 3359 235 3410 θέντα
246 3354 389 3426 ἀνθρώπῳ
402 3354 459 3425 δώη
473 3376 515 3416 τις
524 3359 678 3424 ἐσχηκέναι,
697 3358 777 3418 cett,
797 3353 863 3407 ferri
875 3369 930 3407 non
943 3370 1028 3423 posse
1040 3353 1209 3407 vocabulum
1226 3357 1320 3419 αὑτοῦ,

152 3421 229 3490 quod
241 3425 365 3474 estante
379 3425 503 3493 πνεῦμα,
520 3427 629 3477 eertum
639 3420 759 3475 videtur.
795 3421 970 3474 Posueratno
983 3421 1117 3490 scriptor:
1134 3452 1168 3460 —
1186 3426 1233 3490 τῆς
1248 3444 1320 3494 προ-

151 3488 282 3560 γνώσεως
294 3491 405 3560 πνεῦμα
418 3489 491 3564 τίμὴ
508 3488 596 3558 αῦτη]
609 3492 648 3560 τηῖ
660 3488 748 3542 cett?
758 3521 792 3528 —
804 3488 838 3542 V.
852 3489 868 3540 6
885 3487 1064 3541 scribendum
1077 3493 1134 3542 est:
1151 3489 1320 3566 ἀπατηθῇ.

153 3587 187 3595 -
205 3555 241 3610 V.
254 3554 287 3608 16
302 3555 397 3633 variae
415 3556 554 3610 lectiones
573 3558 638 3619 τοὺς
652 3557 781 3624 ἀληθείας
797 3561 827 3609 et
846 3560 894 3624 τῆς
910 3556 949 3611 ῦλ.
967 3573 1001 3610 eo
1014 3555 1116 3609 ducere
1128 3555 1272 3625 videntur,
1289 3563 1322 3614 ut

153 3623 210 3676 scri
233 3635 290 3674 tum
303 3621 392 3676 fuisse
405 3623 612 3678 existimemus:
627 3623 691 3684 τοὺς
703 3627 750 3692 τῆς
762 3625 801 3678 ἀλ.

248 3733 253 3741 .
266 3690 309 3755 88,
322 3689 339 3742 6
352 3705 411 3759 sqq.
424 3690 496 3746 haee
507 3691 686 3760 reperiuntur
697 3692 798 3746 verba:
812 3690 859 3746 ἐὰν
870 3713 884 3745 τ
919 3689 977 3746 ῦπὸ
986 3693 1090 3764 χειρών
1102 3695 1173 3749 Θεοῦ
1182 3712 1320 3764 unoquoq·

153 3763 233 3816 aevu
254 3755 397 3837 ᾂνθρώπῳ
418 3758 449 3814 τὸ
468 3759 549 3830 ἅγιον
567 3761 695 3832 Χριστοῦ
711 3759 751 3830 μὴ
771 3761 813 3829 δῷ
834 3781 875 3837 τις
887 3713 966 3839 ipen*
983 3763 1102 3831 πνεῦμα.
1136 3757 1320 3814 Nullumdum

152 3824 351 3879 offendissem
362 3825 502 3880 vocabulo
516 3829 652 3896 Χριστοῦ,
665 3827 797 3896 estquod
809 3843 927 3880 mireris.
961 3825 1166 3908 Reponondum
1175 3833 1236 3882 est:
1252 3834 1321 3882 τιτλ-

153 3910 252 3954 στου,
265 3891 291 3944 h.
305 3908 329 3946 e.
345 3896 417 3950 Θεοῦ
429 3897 479 3947 τοῦ
491 3901 638 3956 κτίσαντος
649 3893 746 3956 αὐτόν,
760 3900 792 3947 ut
805 3894 876 3962 ipsis
888 3900 952 3947 utar
963 3893 1048 3964 huJus
1061 3893 1116 3946 scri
1136 3893 1206 3948 toris
1216 3893 1320 3960 verbis,

153 3979 180 4030 p.
192 3960 234 4026 89,
246 3959 264 4011 3
275 3959 386 4028 positis.
397 3991 431 3999 -
443 3959 478 4014 V.
490 3962 507 4014 9
520 3977 580 4048 sqq.
593 3961 701 4014 editum
714 3966 771 4014 est:
790 3961 838 4016 ἐὰν
849 3965 933 4030 ἑτέρῳ
943 3964 996 4032 μὲν
1004 3961 1044 4034 μὴ
1055 3912 1203 4047 δῴηςγειν,
1215 3964 1326 4017 ἐκεῖνον

153 4029 185 4082 δὲ
196 4025 289 4102 μόνον
301 4028 375 4096 ἔχειν
384 4031 467 4100 λίγοι,
481 4025 512 4090 ὃς
523 4027 559 4083 ἀπ
582 4029 667 4101 ἀρχῆς
679 4031 779 4089 αλιῦνος
790 4027 847 4100 ἅμα
860 4037 918 4089 τοῖς
928 4025 1045 4100 ὀνόμασι
1055 4049 1168 4100 μορφας
1177 4025 1320 4084 ῦλλόσσων

154 4093 205 4172 τόν
221 4096 308 4172 αλώνα
325 4099 428 4174 τρίχες,
448 4101 515 4148 cett.
551 4094 643 4174 Quum
657 4095 822 4178 praesertim
841 4095 902 4149 cod.
916 4092 946 4146 0.
959 4111 1009 4173 pro
1028 4095 1085 4168 δῴη
1102 4093 1251 4177 praebeat:
1268 4096 1320 4174 δερ,

153 4158 1221 4300 mit?adistiti.&titubasti-..itraritatibus
1237 4178 1320 4296 “tii

153 4245 187 4348 ib
198 4300 228 4374 et
239 4313 267 4366 p.
280 4295 323 4362 86,
336 4298 361 4360 3,
375 4295 478 4364 quibus
490 4296 563 4350 loeis
576 4296 756 4350 scribendum
769 4301 826 4350 est:
839 4301 910 4364 δοίη.
934 4295 1012 4375 Infra
1024 4315 1050 4368 p.
1063 4246 1123 4362 igi,
1135 4297 1160 4363 6,
1171 4295 1222 4350 ubi
1263 4313 1320 4352 res-

154 4361 243 4417 seirus
263 4362 419 4418 secundum
439 4364 501 4420 cod.
522 4361 554 4417 0.
575 4363 704 4435 scripsit,
730 4363 776 4418 vel
797 4364 891 4434 potius
916 4363 1040 4420 scribere
1060 4363 1163 4428 voluit:
1194 4363 1320 4438 ἀποδῴη,

898 3695 910 3707 Ν
