3126 4894
249 425 312 488 252
554 433 1113 488 nwmsnnnmrnnommoarrr.

250 586 319 640 hoc
337 593 469 640 tantum
484 582 712 655 intelligebam“‚
725 583 844 653 conjicit
857 582 1037 637 scribendum
1050 597 1127 635 csse:
1149 580 1222 648 πλὴν
1239 579 1254 634 ἐ
1257 600 1274 636 ν
1292 578 1423 637 ἐνόουν.

250 652 452 723 Ampliandum
466 668 528 706 esse
544 667 654 705 censeo.
690 649 762 703 Mihi
774 656 851 704 certe
862 649 982 704 Rufinus
995 649 1091 734 potius
1103 664 1170 718 prae
1182 645 1273 701 oculis
1285 645 1424 701 babuisse

251 721 375 774 videtur:
397 720 469 786 πλὴν
488 709 557 775 ὧδέ
577 739 661 773 ποτε
678 718 724 771 vel
743 718 891 774 ὠάίποτε
910 735 1062 773 συνενοουν
1077 716 1124 770 vel
1143 713 1284 779 ἐνενόουν,
1302 721 1335 767 ut
1347 714 1424 768 infra

249 807 276 858 p.
290 787 333 852 31,
351 786 384 840 14
402 787 537 856 scriptum
555 785 727 839 invenimus:
747 784 902 854 συννοήσας
922 776 979 841 ὧδέ
999 805 1068 840 ποτε
1088 783 1135 836 vel
1153 782 1278 837 ὡδίποτε
1299 782 1350 850 τὴν
1372 785 1425 836 τοῦ

268 862 312 910 λου
324 855 420 935 φύσιν,
435 855 477 908 ὅτι
492 859 559 907 cett.
597 851 640 906 Ne
661 869 696 906 ue
709 859 805 906 tamen
816 852 907 906 ausim
920 852 992 905 illud
1005 841 1061 906 ὧδέ
1077 871 1146 905 ποτε
1158 850 1205 903 vel
1218 849 1342 906 ὡδίποιε
1353 849 1423 902 huic

249 865 436 978 dlomrliarum
457 919 619 974 recensioni
641 937 657 973 o
679 919 805 986 trudere3
827 920 916 974 multo
934 920 1026 973 minus
1043 925 1138 972 autern
1159 917 1340 987 scripturam:
1363 920 1424 972 ἐνε-

251 990 344 1054 νόουν,
357 989 484 1058 quamyis
496 988 613 1042 verbum
630 991 737 1043 ἐννοεῖν
754 988 824 1041 satis
842 988 940 1042 crebro
957 987 987 1041 in
1004 987 1067 1056 ipsa
1083 985 1243 1039 adhibitum
1256 983 1423 1054 reperiatur.

252 1055 376 1110 Verbum
390 1065 520 1112 συννοεῖν
532 1054 677 1108 invenitur
688 1055 775 1108 etiam
786 1074 813 1125 p.
826 1055 869 1122 3²2,
885 1053 923 1108 14.

317 1124 348 1176 P.
360 1123 402 1186 27,
417 1125 430 1176 1
444 1139 485 1192 sq.
497 1121 690 1192 reponendum
703 1127 777 1176 erat:
790 1124 1005 1194 ἀποφαίνονται,
1019 1137 1103 1191 quam
1116 1119 1171 1173 scri
1193 1124 1293 1184 turam,
1303 1123 1336 1171 nt
1345 1117 1424 1188 Epit.

249 1191 336 1271 prior,
350 1191 391 1244 sic
404 1190 491 1244 etiam
503 1188 583 1243 codd.
598 1188 796 1242 Tischendori'.
812 1195 841 1243 et
857 1191 911 1244 cod
952 1189 1028 1260 Epit.
1044 1188 1093 1240 Dr.
1108 1137 1246 1257 praebent
1263 1186 1328 1254 (nisi
1366 1184 1425 1238 uod

250 1275 279 1311 m
292 1257 353 1312 cod.
366 1256 398 1310 0.
412 1259 463 1328 Ep.
476 1257 525 1309 Dr.
540 1255 675 1325 scriptum
692 1256 843 1325 reperitur:
865 1258 922 1312 ὑπο
942 1266 1087 1320 ιτιλτουται,
1103 1254 1177 1307 utin
1192 1253 1288 1322 Mon).
1304 1203 1394 1306 -qV
1407 1252 1425 1304 5

251 1324 487 1382 ἐπιτάσσοντα
500 1323 623 1377 scribere
636 1323 760 1378 debebat
772 1324 945 1390 Dresselius,
959 1324 1063 1403 quippe
1076 1323 1125 1392 qni
1137 1341 1162 1374 v.
1174 1321 1190 1373 6
1203 1321 1264 1376 cod.
1277 1319 1309 1374 Ο.
1322 1319 1424 1374 lectio-

1413 1389 1426 1402 0

250 1409 315 1446 nem
327 1415 362 1466 με
369 1392 530 1476 probasset.
549 1389 596 1444 An
609 1391 672 1460 quis
685 1391 860 1471 probabilius
874 1391 962 1458 ducit,
975 1395 1098 1462 positum
1111 1389 1214 1442 fuisse:
1228 1391 1298 1468 ἐμοῦ
1311 1391 1415 1468 {porro

250 1456 609 1650 {titillata-..lt
623 1454 1424 1595 ¹0⁵.aare:beaurepaire}..13:-ra:

277 1600 392 1679 pparet‚
410 1594 440 1647 id
457 1593 533 1664 quod
552 1610 567 1646 e
590 1610 606 1646 ο
623 1595 684 1663 jam
701 1592 811 1663 pridem
828 1593 1038 1658 intellexeram,
1060 1592 1121 1645 cod.
1139 1589 1172 1645 Ο.
1192 1591 1361 1661 scripturam
1378 1597 1426 1645 :eal

251 1667 339 1718 παλιν
361 1683 389 1716 τε
419 1661 546 1714 diversas
569 1611 704 1718 binorum
727 1660 809 1714 codd.
839 1662 1093 1730 manuscriptorum
1116 1659 1257 1713 lectiones
1280 1657 1423 1712 exhibere.

251 1729 388 1784 E‘usdem
401 1728 443 1782 rei
456 1745 534 1782 exem
557 1727 615 1780 lum
628 1729 657 1780 in
669 1727 723 1782 hac
736 1727 844 1798 pagina
855 1729 994 1798 praebent
1012 1728 1072 1781 cod.
1086 1724 1117 1779 O.
1136 1733 1165 1781 et
1183 1727 1244 1780 cod.
1256 1725 1332 1780 Mon.
1344 1725 1424 1795 Epit.

250 1749 377 1861 aiterius,
391 1812 477 1875 quum
489 1814 514 1848 v.
557 1794 705 1848 exhibent:
719 1795 763 1850 ὅτι
776 1800 887 1868 ἐμαυτῷ
899 1799 938 1860 di,
952 1801 981 1849 et
993 1814 1017 1848 v.
1032 1795 1061 1847 8:
1076 1795 1127 1849 ὅτι
1141 1801 1165 1849 ελ
1176 1797 1229 1868 μὲν
1241 1793 1302 1864 γὰρ
1316 1799 1424 1847 cett.-

250 1866 284 1920 V.
303 1863 334 1918 17
350 1862 628 1916 verisimilitudinem
643 1861 731 1916 habet
748 1863 888 1934 scriptura
905 1863 966 1917 cod.
988 1863 1052 1916 Ital.
1072 1860 1268 1916 Tischendorf.
1289 1866 1318 1915 et
1341 1859 1425 1915 codd.

250 1931 327 2003 Epir.
339 1931 403 1983 Dr:
421 1935 466 1984 καὶ
488 1928 568 1984 πάλι
578 1945 605 1984 ν·
627 1933 688 1990 πῶς
701 1935 768 1986 cett.

318 1998 350 2052 P.
362 1997 434 2064 28,2
453 1997 514 2050 cod.
526 1997 590 2050 Ital.
603 1996 802 2051 Tiscbendorf.
815 2003 844 2052 et
856 1997 938 2052 codd.
951 1997 1026 2067 Epit.
1044 1996 1093 2049 Dr.
1112 1995 1263 2066 praebent:
1284 1995 1344 2050 οὐδ’
1368 1995 1384 2052 ὅ
1392 2018 1422 2050 τι

252 2066 311 2120 sive
325 2065 347 2129 ὅ,
362 2087 393 2119 τι
407 2071 479 2119 nort
489 2068 546 2120 ἐστι
562 2068 672 2120 δίκαιον
687 2073 742 2119 καὶ
759 2067 885 2138 ἀρέσκον.
922 2064 1059 2135 Copulam
1075 2071 1120 2119 καὶ
1131 2063 1295 2117 Dresselius
1308 2063 1423 2117 etiamsi

254 2133 283 2186 in
296 2133 357 2186 solo
370 2131 430 2186 cod.
445 2131 477 2185 C.
489 2132 676 2202 repperisset,
688 2133 814 2204 recipere
829 2132 983 2186 debuisset.
1020 2130 1076 2186 cfr.
1088 2131 1184 2186 adnot.
1197 2131 1235 2185 ad
1250 2149 1275 2200 p.
1293 2129 1338 2196 40,
1351 2133 1375 2183 2.
1388 2162 1425 2170 —

250 2199 284 2254 V.
300 2199 318 2252 4
334 2199 433 2254 verba:
454 2199 517 2254 οὔτε
536 2203 592 2255 τῶν
609 2198 745 2256 τοιούτων
761 2203 907 2271 λογισμῶν
924 2199 1069 2270 ἡσυχάζειν
1086 2199 1219 2260 divarum,
1241 2215 1297 2252 non
1321 2197 1423 2252 dubito

251 2264 1424 2404 ιινιιινιιι,ιιιιανιιναιινιτιαλιιι-σν

272 2376 276 2386 ι
326 2374 332 2402 ,
410 2369 459 2386 .·-
499 2377 504 2386 .
620 2376 625 2386 .
666 2378 670 2388 .
783 2376 787 2385 .
868 2378 871 2385 .
955 2378 961 2390 ,
1418 2374 1423 2384 ι

250 2353 329 2458 Vieri
361 2407 437 2458 otest
449 2408 481 2456 ut
493 2402 596 2472 duplex
610 2403 753 2456 exstiterit
766 2403 917 2472 scriptura:
937 2406 1053 2471 λαλῆσαι
1070 2400 1087 2472 ἢ
1102 2403 1227 2465 ἀκοῦσαι,
1246 2406 1288 2454 et:
1307 2406 1364 2456 λαλ.
1377 2407 1424 2456 καὶ

250 2474 291 2526 ἀκ.
321 2421 422 2524 Adtera
434 2475 578 2542 praestare
590 2469 711 2524 videtur.
745 2470 900 2541 Vulgatam
914 2469 1057 2524 scribendi
1069 2469 1207 2524 rationem
1219 2469 1312 2523 minus
1324 2473 1424 2538 aptam

251 2555 314 2592 esse
331 2537 470 2592 existimo.
491 2570 520 2578 -
540 2537 573 2590 V.
599 2535 631 2590 14
649 2537 814 2607 recipienda
832 2543 893 2591 erat
916 2537 1023 2591 codicis
1045 2535 1067 2590 G
1089 2537 1229 2607 scriptura
1245 2536 1422 2605 ἀντέβαλλον,

251 2623 334 2726 pyrram
355 2605 442 2660 etiam
461 2605 521 2660 cod.
539 2604 603 2658 Ital.
622 2604 820 2659 Tischendorf.
843 2610 872 2658 et
893 2604 974 2659 codd.
994 2604 1069 2675 Epit.
1090 2605 1207 2659 alterius
1224 2603 1371 2674 praebent.
1388 2634 1424 2643 -

281 2714 285 2724 .
300 2673 332 2726 16
344 2690 394 2744 pro
407 2681 462 2730 εἴτε
476 2672 656 2726 scribendum
667 2673 794 2726 videtur:
813 2680 844 2728 εἴ
860 2693 953 2728 ποτε.

318 2740 349 2793 Ρ.
366 2740 408 2808 29,
430 2741 447 2793 8
467 2741 549 2794 codd.
567 2739 764 2794 Tiscbendorf.
782 2746 811 2794 et
829 2740 910 2794 codd.
928 2739 951 2792 E
974 2739 1004 2792 it.
1026 2739 1076 2792 Dr.
1097 2739 1246 2810 porrigunt
1288 2737 1423 2792 enuinam

252 2808 433 2878 scripturam:
447 2807 631 2880 διηγήσωμαι.
645 2839 675 2846 -
689 2806 723 2862 V.
739 2810 769 2860 12
782 2808 842 2861 cod.
855 2807 919 2861 Ital.
960 2806 1132 2861 rachendorf.
1146 2812 1175 2860 et
1188 2757 1358 2876 coddngit.
1371 2805 1424 2858 Dr.

250 2875 370 2929 habent:
390 2879 472 2946 σιγᾶν
489 2881 608 2944 στέγειν,
627 2879 659 2927 ut
676 2874 737 2928 cod.
755 2873 1026 2928 QTischendorfius
1043 2879 1150 2928 tentat:
1173 2872 1284 2943 σιγᾶνῆ
1302 2879 1354 2930 στί
1371 2893 1423 2928 ειν.

254 2941 284 2996 Si
297 2942 342 2995 cui
357 2942 410 2995 scri
432 2948 495 2995 tura
508 2941 568 2995 cod.
582 2939 614 2994 0.
632 2947 660 2994 et
672 2941 748 3012 Epit.
764 2941 866 3010 prioris
883 2946 948 3013 σιγῆ
965 2948 1074 3014 στέγειν
1086 2959 1103 2994 a
1121 2947 1278 2995 correctore
1291 2959 1341 3011 pro
1356 2945 1424 2994 ecta

251 3024 314 3061 esse
326 3008 389 3063 visa
400 2961 500 3074 ἐστὶι,
514 3009 540 3061 ei
554 3008 735 3061 statuendum
752 3009 819 3074 erit,
842 3013 923 3080 σιγᾶν
933 3001 1011 3062 'nihil
1029 3025 1092 3063 esse
1108 3009 1165 3062 nisi
1185 3009 1422 3064 adnotamentum

250 3074 288 3128 ad
301 3081 351 3128 σεε
369 3095 409 3130 ειν
426 3075 607 3144 adscriptum.
626 3107 658 3114 -
675 3075 709 3130 V.
726 3076 759 3129 13
776 3076 862 3130 etiam
880 3076 961 3132 codd
979 3075 1177 3130 Tischendorf.
1196 3082 1225 3130 et
1243 3075 1325 3130 codd.
1343 3075 1421 3145 Epit.

250 3141 330 3195 Dr.o
355 3147 449 3196 erunt:
469 3145 589 3214 ἐγένετο,
606 3147 638 3196 ut
655 3143 717 3196 cod.
736 3141 777 3210 0.‚
796 3161 880 3213 quam
898 3145 1064 3214 scripturam
1082 3144 1191 3197 mireris
1207 3160 1264 3198 non
1275 3149 1423 3214 receptam

250 3229 268 3265 a
279 3209 435 3265 Dresselio.
448 3241 481 3249 —
500 3207 534 3263 V.
548 3209 580 3262 13
593 3227 632 3279 sq.
647 3209 819 3264 diversarum
830 3211 1026 3265 recensionum
1039 3211 1173 3265 videntur
1184 3228 1247 3265 esse
1259 3211 1360 3265 verba:
1382 3233 1425 3273 τις

251 3282 281 3334 ἐν
290 3279 425 3349 Ἰουδαία,
444 3283 487 3332 et:
503 3277 661 3342 Ἰουδαίοις,
677 3296 727 3348 pro
744 3297 799 3348 quo
816 3279 846 3332 in
863 3279 924 3332 cod.
939 3277 971 3333 O.
989 3285 1018 3333 et
1036 3279 1097 3334 cod.
1114 3278 1189 3333 Mon.
1207 3278 1284 3348 Epit.
1300 3277 1423 3331 alterius

251 3345 387 3416 scriptum
410 3345 563 3399 invenitur:
580 3347 721 3407 Ἰουδαῖος.
740 3378 773 3385 -
793 3345 826 3400 V.
846 3346 878 3398 15
894 3364 946 3416 pro
962 3348 1055 3402 αὐτῶν
1073 3346 1134 3400 cod.
1153 3344 1185 3399 Ο.
1203 3347 1226 3400 Ε
1249 3346 1279 3400 it.
1301 3345 1423 3400 alterius

249 3414 381 3534 praebet:
401 3413 501 3478 αὐτοῦ,
518 3412 579 3468 eod.
592 3412 625 3467 V.
646 3418 675 3466 et
693 3412 755 3466 cod.
773 3411 848 3466 Mon.
866 3413 942 3484 Epit.
961 3414 1092 3468 alterius:
1111 3413 1193 3483 αὐτῷ.
1229 3364 1307 3477 ὅσον
1324 3413 1423 3466 variae

262 3482 390 3535 ectiones
414 3498 471 3534 non
494 3481 626 3534 videntur
650 3480 764 3534 omnino
790 3497 852 3534 esse
880 3482 1064 3551 spernendae.
1099 3479 1213 3535 Clarum
1241 3486 1286 3535 est
1314 3485 1422 3546 autem,

251 3549 418 3618 scripturam
438 3549 530 3603 αὐτῶν
546 3553 624 3600 arete
643 3546 793 3601 cohaerere
812 3565 874 3602 cum
893 3551 1032 3618 scriptura
1041 3550 1198 3610 Ἰουδαίοις.
1215 3581 1250 3589 -
1266 3546 1300 3602 V.
1322 3547 1354 3600 16
1371 3565 1423 3617 pro

250 3622 380 3685 corrupto
413 3621 493 3670 πνέει
521 3614 582 3696 cod.
611 3613 645 3669 V.
668 3613 744 3684 Epit.
769 3614 818 3668 Dr.
851 3616 999 3696 praebet:¹
1015 3626 1099 3696 ποιεῖ.
1134 3615 1197 3687 Ego
1227 3616 1422 3696 con'eeeram:

250 3704 362 3803 aa:
378 3682 1114 3818 astrueretur:uiatores·
1128 3682 1424 3812 ulutatu

250 3819 322 3888 ἔχων
338 3819 477 3877 ἐξουσίαν’
503 3817 616 3889 κωφοὺς
639 3826 718 3873 ποιεῖ
738 3815 850 3874 ἀκούειν
876 3824 944 3873 cett.
978 3819 1070 3875 Nobis
1091 3819 1269 3888 aptissimum
1297 3773 1422 3883 videtur,

249 3883 404 3940 secundum
422 3883 503 3937 codd.
521 3883 596 3953 Epit
613 3885 731 3939 alterius
754 3885 890 3940 scribere:
910 3885 1121 3959 διαπράττεται·
1139 3885 1259 3943 κελεύσει
1285 3887 1325 3961 ’ἀρ
1337 3887 1422 3962 μόνη,

249 3954 342 4033 druna
360 3953 377 4008 ἀ
396 3954 468 4010 Θεοῦ
485 3952 603 4022 εἰληφὼς
619 3953 669 4021 τὴν
685 3955 826 4031 ἐξουσίαν,
845 3953 959 4024 κωφοὺς
976 3963 1055 4010 ποιεῖ
1069 3959 1135 4008 cett.
1153 3985 1187 3994 —
1203 3953 1237 4008 V.
1255 3909 1289 4008 lb
1306 3956 1369 4010 cod.
1389 3941 1421 4010 0.

226 4068 228 4072 .
249 4020 272 4072 E
294 4026 325 4074 rt.
373 4039 393 4074 r.
409 4037 460 4089 pro
480 4021 644 4089 ἀναβλέπειν
660 4025 794 4090 porrrgrt:
817 4027 938 4089 βλέπειν.
975 4022 1098 4075 Videtur
1113 4021 1184 4076 haee
1203 4023 1343 4077 correctio
1357 4040 1421 4078 esse

249 4091 386 4159 areujus,
416 4087 464 4156 qui
489 4093 603 4158 propter
630 4093 827 4158 antegressum
848 4087 958 4145 ἀκούειν
984 4089 1160 4143 desideraret
1187 4089 1318 4157 verbum,
1344 4089 1422 4161 quod

249 4171 305 4208 non
324 4157 434 4220 „risum
450 4155 606 4224 recipere“‚
625 4155 675 4207 sed
691 4154 826 4220 ‚,videre“
848 4155 1032 4226 significaret.
1069 4155 1126 4211 Sed
1147 4155 1233 4210 etiam
1254 4158 1422 4229 ἀναβλέπειν

251 4221 412 4290 significare
446 4227 536 4275 otest:
556 4221 681 4288 ,‚videre‚
694 4221 758 4274 visu
773 4223 925 4292 gaudere.“

285 4352 290 4363 Ι
316 4289 347 4341 P.
363 4289 407 4353 30,
425 4241 444 4339 d)
462 4297 549 4367 ποιεῖ·
556 4289 637 4342 deest
655 4289 684 4342 in
701 4289 762 4368 cod.
781 4290 813 4346 Ο.
831 4297 860 4344 et
878 4291 938 4345 cod.
955 4289 1030 4345 Mon.
1052 4290 1130 4360 Epit.
1147 4291 1228 4347 alter.
1246 4297 1279 4344 ut
1296 4291 1327 4345 in
1342 4291 1419 4371 Epit.

249 4368 354 4420 prrore3
372 4369 464 4422 neque
477 4353 655 4407 1nfit1andum
669 4361 726 4421 est,
740 4363 929 4426 importunum
941 4374 1005 4411 esse
1018 4357 1194 4413 vocabulum.
1229 4357 1270 4412 At
1280 4358 1419 4412 validrore

250 4433 320 4484 opus
339 4423 385 4470 est
402 4419 615 4473 medicamento.
651 4421 721 4484 Quis
734 4436 795 4476 'non
812 4423 971 4493 intelligat,
993 4425 1094 4479 verba:
1113 4427 1229 4488 κυλλοὺς
1244 4434 1324 4482 ποιεῖ
1338 4447 1418 4498 περι-
