<?xml version="1.0" encoding="UTF-8"?>
<!DOCTYPE html PUBLIC "-//W3C//DTD XHTML 1.0 Transitional//EN"
    "http://www.w3.org/TR/xhtml1/DTD/xhtml1-transitional.dtd">
<html xmlns="http://www.w3.org/1999/xhtml" xml:lang="en" lang="en">
 <head>
  <title>
</title>
<meta http-equiv="Content-Type" content="text/html;charset=utf-8" />
  <meta name='ocr-system' content='tesseract 3.04.00' />
  <meta name='ocr-capabilities' content='ocr_page ocr_carea ocr_par ocr_line ocrx_word'/>
</head>
<body>
  <div class='ocr_page' id='page_1' title='image "./clementinorumep00dresgoog_0046.png"; bbox 0 0 3114 4896; ppageno 0'>
   <div class='ocr_carea' id='block_1_1' title="bbox 547 289 1283 355">
    <p class='ocr_par' dir='ltr' id='par_1_1' title="bbox 547 289 1283 355">
     <span class='ocr_line' id='line_1_1' title="bbox 547 289 1283 355; baseline 0.001 -1"><span class='ocrx_word' id='word_1_1' title='bbox 547 303 703 355; x_wconf 83' lang='lat' dir='ltr'>nrmonn</span> <span class='ocrx_word' id='word_1_2' title='bbox 721 303 832 355; x_wconf 76' lang='lat' dir='ltr'>emon.</span> <span class='ocrx_word' id='word_1_3' title='bbox 1242 289 1283 355; x_wconf 73' lang='lat'>27</span> 
     </span>
    </p>
   </div>
   <div class='ocr_carea' id='block_1_2' title="bbox 22 449 1288 931">
    <p class='ocr_par' dir='ltr' id='par_1_2' title="bbox 22 449 1288 931">
     <span class='ocr_line' id='line_1_2' title="bbox 100 449 1288 526; baseline 0 -18"><span class='ocrx_word' id='word_1_4' title='bbox 100 458 218 524; x_wconf 88' lang='lat' dir='ltr'>propter</span> <span class='ocrx_word' id='word_1_5' title='bbox 234 451 446 508; x_wconf 85' lang='lat' dir='ltr'>contumaciam</span> <span class='ocrx_word' id='word_1_6' title='bbox 461 449 634 523; x_wconf 79' lang='lat' dir='ltr'><strong>puniantur?</strong></span> <span class='ocrx_word' id='word_1_7' title='bbox 651 451 726 508; x_wconf 88' lang='lat' dir='ltr'>Nam</span> <span class='ocrx_word' id='word_1_8' title='bbox 741 456 771 508; x_wconf 91' lang='lat' dir='ltr'>te</span> <span class='ocrx_word' id='word_1_9' title='bbox 790 451 847 508; x_wconf 89' lang='lat' dir='ltr'>iam</span> <span class='ocrx_word' id='word_1_10' title='bbox 862 469 920 508; x_wconf 90' lang='lat' dir='ltr'>non</span> <span class='ocrx_word' id='word_1_11' title='bbox 937 468 1000 508; x_wconf 85' lang='lat' dir='ltr'>esse</span> <span class='ocrx_word' id='word_1_12' title='bbox 1017 452 1168 509; x_wconf 85' lang='lat' dir='ltr'>multatum</span> <span class='ocrx_word' id='word_1_13' title='bbox 1178 471 1229 526; x_wconf 90' lang='lat' dir='ltr'>pro</span> <span class='ocrx_word' id='word_1_14' title='bbox 1241 453 1288 522; x_wconf 87' lang='lat' dir='ltr'>iis,</span> 
     </span>
     <span class='ocr_line' id='line_1_3' title="bbox 100 519 1287 593; baseline 0.004 -19"><span class='ocrx_word' id='word_1_15' title='bbox 100 539 173 590; x_wconf 89' lang='lat' dir='ltr'>quae</span> <span class='ocrx_word' id='word_1_16' title='bbox 187 521 361 593; x_wconf 79' lang='lat' dir='ltr'>designasti,</span> <span class='ocrx_word' id='word_1_17' title='bbox 373 519 472 574; x_wconf 90' lang='lat' dir='ltr'>mirum</span> <span class='ocrx_word' id='word_1_18' title='bbox 486 526 614 588; x_wconf 85' lang='lat' dir='ltr'>nonest,</span> <span class='ocrx_word' id='word_1_19' title='bbox 628 537 690 574; x_wconf 90' lang='lat' dir='ltr'>cum</span> <span class='ocrx_word' id='word_1_20' title='bbox 703 519 841 575; x_wconf 88' lang='lat' dir='ltr'>iudicium</span> <span class='ocrx_word' id='word_1_21' title='bbox 860 519 984 575; x_wconf 90' lang='lat' dir='ltr'>nondum</span> <span class='ocrx_word' id='word_1_22' title='bbox 1004 520 1057 588; x_wconf 85' lang='lat' dir='ltr'>sit,</span> <span class='ocrx_word' id='word_1_23' title='bbox 1073 527 1106 576; x_wconf 90' lang='lat' dir='ltr'>ut</span> <span class='ocrx_word' id='word_1_24' title='bbox 1123 527 1156 575; x_wconf 89' lang='lat' dir='ltr'>tu</span> <span class='ocrx_word' id='word_1_25' title='bbox 1173 522 1287 592; x_wconf 88' lang='lat' dir='ltr'>quidem</span> 
     </span>
     <span class='ocr_line' id='line_1_4' title="bbox 101 587 1285 668; baseline 0.001 -24"><span class='ocrx_word' id='word_1_26' title='bbox 101 607 210 659; x_wconf 90' lang='lat' dir='ltr'>poenas</span> <span class='ocrx_word' id='word_1_27' title='bbox 224 589 277 644; x_wconf 92' lang='lat' dir='ltr'>des</span> <span class='ocrx_word' id='word_1_28' title='bbox 290 607 394 656; x_wconf 89' lang='lat' dir='ltr'>eorum,</span> <span class='ocrx_word' id='word_1_29' title='bbox 408 589 529 668; x_wconf 78' lang='lat' dir='ltr'>adquae</span> <span class='ocrx_word' id='word_1_30' title='bbox 542 587 679 668; x_wconf 81' lang='lat' dir='ltr'>coegisti,</span> <span class='ocrx_word' id='word_1_31' title='bbox 698 588 774 659; x_wconf 89' lang='lat' dir='ltr'>quod</span> <span class='ocrx_word' id='word_1_32' title='bbox 786 594 881 644; x_wconf 90' lang='lat' dir='ltr'>autem</span> <span class='ocrx_word' id='word_1_33' title='bbox 895 594 1025 643; x_wconf 90' lang='lat' dir='ltr'>coactum</span> <span class='ocrx_word' id='word_1_34' title='bbox 1039 596 1099 656; x_wconf 89' lang='lat' dir='ltr'>est,</span> <span class='ocrx_word' id='word_1_35' title='bbox 1117 589 1228 644; x_wconf 85' lang='lat' dir='ltr'>veniam</span> <span class='ocrx_word' id='word_1_36' title='bbox 1240 609 1285 645; x_wconf 90' lang='lat' dir='ltr'>ac·</span> 
     </span>
     <span class='ocr_line' id='line_1_5' title="bbox 100 656 1288 777; baseline 0.002 -67"><span class='ocrx_word' id='word_1_37' title='bbox 100 657 206 777; x_wconf 57' lang='lat' dir='ltr'>cipdiat,</span> <span class='ocrx_word' id='word_1_38' title='bbox 225 657 297 738; x_wconf 64' lang='lat' dir='ltr'>quia</span> <span class='ocrx_word' id='word_1_39' title='bbox 313 658 388 738; x_wconf 77' lang='lat' dir='ltr'>malo</span> <span class='ocrx_word' id='word_1_40' title='bbox 406 656 527 712; x_wconf 85' lang='lat' dir='ltr'>faernori</span> <span class='ocrx_word' id='word_1_41' title='bbox 547 657 772 738; x_wconf 36' lang='lat' dir='ltr'>aduri-ramentum</span> <span class='ocrx_word' id='word_1_42' title='bbox 794 657 970 738; x_wconf 76' lang='lat' dir='ltr'>praetulerit.</span> <span class='ocrx_word' id='word_1_43' title='bbox 1008 656 1106 712; x_wconf 87' lang='lat' dir='ltr'>Simon</span> <span class='ocrx_word' id='word_1_44' title='bbox 1126 663 1222 713; x_wconf 85' lang='lat' dir='ltr'>autem</span> <span class='ocrx_word' id='word_1_45' title='bbox 1242 657 1288 712; x_wconf 87' lang='lat' dir='ltr'>his</span> 
     </span>
     <span class='ocr_line' id='line_1_6' title="bbox 22 725 1286 872; baseline 0.002 -26"><span class='ocrx_word' id='word_1_46' title='bbox 22 805 23 810; x_wconf 19' lang='grc' dir='ltr'><strong><em>κ</em></strong></span> <span class='ocrx_word' id='word_1_47' title='bbox 100 743 136 778; x_wconf 72' lang='lat'>²¹¹</span> <span class='ocrx_word' id='word_1_48' title='bbox 158 725 1286 872; x_wconf 49' lang='lat' dir='ltr'>¹t⁸x¹n²1ltttttttlntt¹ittartaiteraturam,qn.</span> 
     </span>
     <span class='ocr_line' id='line_1_7' title="bbox 101 860 1286 931; baseline 0.002 -15"><span class='ocrx_word' id='word_1_49' title='bbox 101 880 167 916; x_wconf 91' lang='lat' dir='ltr'>narn</span> <span class='ocrx_word' id='word_1_50' title='bbox 181 867 281 917; x_wconf 83' lang='lat' dir='ltr'>essent</span> <span class='ocrx_word' id='word_1_51' title='bbox 293 861 440 928; x_wconf 88' lang='lat' dir='ltr'>miracula,</span> <span class='ocrx_word' id='word_1_52' title='bbox 454 877 526 931; x_wconf 85' lang='lat' dir='ltr'>quae</span> <span class='ocrx_word' id='word_1_53' title='bbox 539 860 655 915; x_wconf 86' lang='lat' dir='ltr'>faceret.</span> <span class='ocrx_word' id='word_1_54' title='bbox 690 860 740 914; x_wconf 88' lang='lat' dir='ltr'>Illr</span> <span class='ocrx_word' id='word_1_55' title='bbox 758 878 824 916; x_wconf 88' lang='lat' dir='ltr'>vero</span> <span class='ocrx_word' id='word_1_56' title='bbox 840 861 1059 931; x_wconf 88' lang='lat' dir='ltr'>responderunt:</span> <span class='ocrx_word' id='word_1_57' title='bbox 1078 861 1164 918; x_wconf 84' lang='lat' dir='ltr'>Facit</span> <span class='ocrx_word' id='word_1_58' title='bbox 1179 868 1212 917; x_wconf 91' lang='lat' dir='ltr'>ut</span> <span class='ocrx_word' id='word_1_59' title='bbox 1229 868 1286 918; x_wconf 88' lang='lat' dir='ltr'>sta·</span> 
     </span>
    </p>
   </div>
   <div class='ocr_carea' id='block_1_3' title="bbox 20 929 1285 1002">
    <p class='ocr_par' dir='ltr' id='par_1_3' title="bbox 20 929 1285 1002">
     <span class='ocr_line' id='line_1_8' title="bbox 20 929 1285 1002; baseline 0.001 -18"><span class='ocrx_word' id='word_1_60' title='bbox 20 929 23 942; x_wconf 84' lang='lat'><em>&#39;</em></span> <span class='ocrx_word' id='word_1_61' title='bbox 101 939 168 985; x_wconf 85' lang='lat' dir='ltr'>tuae</span> <span class='ocrx_word' id='word_1_62' title='bbox 182 929 342 996; x_wconf 81' lang='lat' dir='ltr'>ambulent,</span> <span class='ocrx_word' id='word_1_63' title='bbox 356 929 386 983; x_wconf 91' lang='lat' dir='ltr'>in</span> <span class='ocrx_word' id='word_1_64' title='bbox 399 929 467 1001; x_wconf 88' lang='lat' dir='ltr'>igne</span> <span class='ocrx_word' id='word_1_65' title='bbox 480 929 612 983; x_wconf 91' lang='lat' dir='ltr'>volutans</span> <span class='ocrx_word' id='word_1_66' title='bbox 626 945 656 983; x_wconf 87' lang='lat' dir='ltr'>se</span> <span class='ocrx_word' id='word_1_67' title='bbox 669 946 726 982; x_wconf 92' lang='lat' dir='ltr'>non</span> <span class='ocrx_word' id='word_1_68' title='bbox 734 929 833 995; x_wconf 87' lang='lat' dir='ltr'>uritur,</span> <span class='ocrx_word' id='word_1_69' title='bbox 847 929 988 983; x_wconf 90' lang='lat' dir='ltr'>interdurn</span> <span class='ocrx_word' id='word_1_70' title='bbox 998 931 1085 998; x_wconf 84' lang='lat' dir='ltr'>volat,</span> <span class='ocrx_word' id='word_1_71' title='bbox 1097 948 1130 985; x_wconf 88' lang='lat' dir='ltr'>er</span> <span class='ocrx_word' id='word_1_72' title='bbox 1140 931 1285 1002; x_wconf 79' lang='lat' dir='ltr'>lapidibus</span> 
     </span>
    </p>
   </div>
   <div class='ocr_carea' id='block_1_4' title="bbox 97 995 1286 3242">
    <p class='ocr_par' dir='ltr' id='par_1_4' title="bbox 100 995 1286 1340">
     <span class='ocr_line' id='line_1_9' title="bbox 100 995 1284 1068; baseline 0 -15"><span class='ocrx_word' id='word_1_73' title='bbox 100 1015 191 1068; x_wconf 88' lang='lat' dir='ltr'>panes</span> <span class='ocrx_word' id='word_1_74' title='bbox 203 997 292 1065; x_wconf 88' lang='lat' dir='ltr'>facit,</span> <span class='ocrx_word' id='word_1_75' title='bbox 307 1014 424 1068; x_wconf 91' lang='lat' dir='ltr'>serpens</span> <span class='ocrx_word' id='word_1_76' title='bbox 436 995 479 1064; x_wconf 88' lang='lat' dir='ltr'>fit,</span> <span class='ocrx_word' id='word_1_77' title='bbox 493 997 523 1051; x_wconf 92' lang='lat' dir='ltr'>in</span> <span class='ocrx_word' id='word_1_78' title='bbox 536 1014 570 1052; x_wconf 90' lang='lat' dir='ltr'>ca</span> <span class='ocrx_word' id='word_1_79' title='bbox 590 1014 649 1051; x_wconf 91' lang='lat' dir='ltr'>ram</span> <span class='ocrx_word' id='word_1_80' title='bbox 661 997 889 1064; x_wconf 78' lang='lat' dir='ltr'>transformatur,</span> <span class='ocrx_word' id='word_1_81' title='bbox 908 997 978 1052; x_wconf 89' lang='lat' dir='ltr'>duas</span> <span class='ocrx_word' id='word_1_82' title='bbox 992 997 1082 1054; x_wconf 82' lang='lat' dir='ltr'>facies</span> <span class='ocrx_word' id='word_1_83' title='bbox 1095 999 1236 1066; x_wconf 77' lang='lat' dir='ltr'>ostendit,</span> <span class='ocrx_word' id='word_1_84' title='bbox 1254 999 1284 1053; x_wconf 92' lang='lat' dir='ltr'>in</span> 
     </span>
     <span class='ocr_line' id='line_1_10' title="bbox 100 1015 1286 1146; baseline 0 -25"><span class='ocrx_word' id='word_1_85' title='bbox 100 1085 200 1121; x_wconf 85' lang='lat' dir='ltr'>aurum</span> <span class='ocrx_word' id='word_1_86' title='bbox 213 1066 400 1132; x_wconf 89' lang='lat' dir='ltr'>convertitur,</span> <span class='ocrx_word' id='word_1_87' title='bbox 413 1072 511 1146; x_wconf 88' lang='lat' dir='ltr'>portas</span> <span class='ocrx_word' id='word_1_88' title='bbox 523 1015 654 1120; x_wconf 64' lang='lat' dir='ltr'>occlusas</span> <span class='ocrx_word' id='word_1_89' title='bbox 666 1065 767 1134; x_wconf 91' lang='lat' dir='ltr'>aperit,</span> <span class='ocrx_word' id='word_1_90' title='bbox 780 1064 883 1120; x_wconf 87' lang='lat' dir='ltr'>fenum</span> <span class='ocrx_word' id='word_1_91' title='bbox 895 1065 991 1133; x_wconf 89' lang='lat' dir='ltr'>solvit,</span> <span class='ocrx_word' id='word_1_92' title='bbox 1007 1065 1037 1120; x_wconf 93' lang='lat' dir='ltr'>in</span> <span class='ocrx_word' id='word_1_93' title='bbox 1050 1066 1189 1122; x_wconf 89' lang='lat' dir='ltr'>conviviis</span> <span class='ocrx_word' id='word_1_94' title='bbox 1202 1067 1286 1121; x_wconf 91' lang='lat' dir='ltr'>simu·</span> 
     </span>
     <span class='ocr_line' id='line_1_11' title="bbox 101 1131 1285 1206; baseline 0.002 -19"><span class='ocrx_word' id='word_1_95' title='bbox 101 1135 180 1190; x_wconf 83' lang='lat' dir='ltr'>lacre</span> <span class='ocrx_word' id='word_1_96' title='bbox 188 1134 344 1189; x_wconf 85' lang='lat' dir='ltr'>formarum</span> <span class='ocrx_word' id='word_1_97' title='bbox 353 1151 568 1205; x_wconf 73' lang='lat' dir='ltr'>omnigenarum</span> <span class='ocrx_word' id='word_1_98' title='bbox 580 1131 706 1198; x_wconf 81' lang='lat' dir='ltr'>exhibet,</span> <span class='ocrx_word' id='word_1_99' title='bbox 719 1132 791 1188; x_wconf 69' lang='lat' dir='ltr'>facit</span> <span class='ocrx_word' id='word_1_100' title='bbox 802 1139 834 1188; x_wconf 91' lang='lat' dir='ltr'>ut</span> <span class='ocrx_word' id='word_1_101' title='bbox 847 1133 876 1187; x_wconf 92' lang='lat' dir='ltr'>in</span> <span class='ocrx_word' id='word_1_102' title='bbox 887 1133 968 1188; x_wconf 92' lang='lat' dir='ltr'>domo</span> <span class='ocrx_word' id='word_1_103' title='bbox 981 1152 1049 1189; x_wconf 88' lang='lat' dir='ltr'>vasa</span> <span class='ocrx_word' id='word_1_104' title='bbox 1059 1143 1160 1206; x_wconf 85' lang='lat' dir='ltr'>sponte</span> <span class='ocrx_word' id='word_1_105' title='bbox 1169 1134 1235 1190; x_wconf 84' lang='lat' dir='ltr'>ferri</span> <span class='ocrx_word' id='word_1_106' title='bbox 1248 1135 1285 1191; x_wconf 88' lang='lat' dir='ltr'>ad</span> 
     </span>
     <span class='ocr_line' id='line_1_12' title="bbox 100 1199 1284 1272; baseline 0 -16"><span class='ocrx_word' id='word_1_107' title='bbox 100 1202 295 1256; x_wconf 88' lang='lat' dir='ltr'>ministerium</span> <span class='ocrx_word' id='word_1_108' title='bbox 313 1199 476 1268; x_wconf 87' lang='lat' dir='ltr'>videantur,</span> <span class='ocrx_word' id='word_1_109' title='bbox 493 1218 547 1256; x_wconf 92' lang='lat' dir='ltr'>nec</span> <span class='ocrx_word' id='word_1_110' title='bbox 568 1206 719 1256; x_wconf 83' lang='lat' dir='ltr'>cernantur</span> <span class='ocrx_word' id='word_1_111' title='bbox 735 1201 783 1272; x_wconf 91' lang='lat' dir='ltr'>qui</span> <span class='ocrx_word' id='word_1_112' title='bbox 802 1201 905 1256; x_wconf 84' lang='lat' dir='ltr'>ferunt.</span> <span class='ocrx_word' id='word_1_113' title='bbox 940 1201 998 1257; x_wconf 89' lang='lat' dir='ltr'>Eos</span> <span class='ocrx_word' id='word_1_114' title='bbox 1019 1201 1076 1256; x_wconf 87' lang='lat' dir='ltr'>ista</span> <span class='ocrx_word' id='word_1_115' title='bbox 1096 1210 1284 1258; x_wconf 76' lang='lat' dir='ltr'>memorantes</span> 
     </span>
     <span class='ocr_line' id='line_1_13' title="bbox 101 1268 1192 1340; baseline -0.002 -16"><span class='ocrx_word' id='word_1_116' title='bbox 101 1270 223 1324; x_wconf 90' lang='lat' dir='ltr'>audiens</span> <span class='ocrx_word' id='word_1_117' title='bbox 236 1269 374 1336; x_wconf 73' lang='lat' dir='ltr'>mirabar,</span> <span class='ocrx_word' id='word_1_118' title='bbox 387 1269 568 1323; x_wconf 87' lang='lat' dir='ltr'>testabantur</span> <span class='ocrx_word' id='word_1_119' title='bbox 578 1274 673 1324; x_wconf 91' lang='lat' dir='ltr'>autem</span> <span class='ocrx_word' id='word_1_120' title='bbox 686 1268 742 1339; x_wconf 88' lang='lat' dir='ltr'>ipsi</span> <span class='ocrx_word' id='word_1_121' title='bbox 755 1269 803 1340; x_wconf 93' lang='lat' dir='ltr'>qui</span> <span class='ocrx_word' id='word_1_122' title='bbox 816 1269 936 1324; x_wconf 87' lang='lat' dir='ltr'>aderaut</span> <span class='ocrx_word' id='word_1_123' title='bbox 949 1269 1021 1325; x_wconf 88' lang='lat' dir='ltr'>talia</span> <span class='ocrx_word' id='word_1_124' title='bbox 1034 1287 1064 1324; x_wconf 89' lang='lat' dir='ltr'>se</span> <span class='ocrx_word' id='word_1_125' title='bbox 1077 1269 1192 1325; x_wconf 88' lang='lat' dir='ltr'>vidisse.</span> 
     </span>
    </p>

    <p class='ocr_par' dir='ltr' id='par_1_5' title="bbox 97 1336 1286 3242">
     <span class='ocr_line' id='line_1_14' title="bbox 168 1336 1282 1410; baseline 0.001 -19"><span class='ocrx_word' id='word_1_126' title='bbox 168 1337 310 1392; x_wconf 89' lang='lat' dir='ltr'>XXXIV.</span> <span class='ocrx_word' id='word_1_127' title='bbox 339 1337 393 1391; x_wconf 92' lang='lat' dir='ltr'>His</span> <span class='ocrx_word' id='word_1_128' title='bbox 407 1336 448 1391; x_wconf 91' lang='lat' dir='ltr'>ita</span> <span class='ocrx_word' id='word_1_129' title='bbox 465 1336 605 1392; x_wconf 89' lang='lat' dir='ltr'>enarratis</span> <span class='ocrx_word' id='word_1_130' title='bbox 616 1337 696 1391; x_wconf 85' lang='lat' dir='ltr'>venit</span> <span class='ocrx_word' id='word_1_131' title='bbox 708 1337 871 1392; x_wconf 82' lang='lat' dir='ltr'>Zacchaeus</span> <span class='ocrx_word' id='word_1_132' title='bbox 884 1343 914 1391; x_wconf 88' lang='lat' dir='ltr'>et</span> <span class='ocrx_word' id='word_1_133' title='bbox 925 1338 982 1392; x_wconf 86' lang='lat' dir='ltr'>ista</span> <span class='ocrx_word' id='word_1_134' title='bbox 992 1338 1078 1394; x_wconf 90' lang='lat' dir='ltr'>Petro</span> <span class='ocrx_word' id='word_1_135' title='bbox 1091 1337 1282 1410; x_wconf 89' lang='lat' dir='ltr'>significavit:</span> 
     </span>
     <span class='ocr_line' id='line_1_15' title="bbox 100 1405 1285 1477; baseline 0 -16"><span class='ocrx_word' id='word_1_136' title='bbox 100 1408 160 1462; x_wconf 89' lang='lat' dir='ltr'>Iam</span> <span class='ocrx_word' id='word_1_137' title='bbox 178 1423 270 1472; x_wconf 89' lang='lat' dir='ltr'>nunc,</span> <span class='ocrx_word' id='word_1_138' title='bbox 285 1405 385 1472; x_wconf 77' lang='lat' dir='ltr'>Petne,</span> <span class='ocrx_word' id='word_1_139' title='bbox 402 1411 515 1476; x_wconf 87' lang='lat' dir='ltr'>tempus</span> <span class='ocrx_word' id='word_1_140' title='bbox 528 1411 587 1471; x_wconf 89' lang='lat' dir='ltr'>est,</span> <span class='ocrx_word' id='word_1_141' title='bbox 603 1409 636 1458; x_wconf 88' lang='lat' dir='ltr'>ut</span> <span class='ocrx_word' id='word_1_142' title='bbox 653 1421 736 1460; x_wconf 85' lang='lat' dir='ltr'>exeas</span> <span class='ocrx_word' id='word_1_143' title='bbox 754 1406 791 1460; x_wconf 91' lang='lat' dir='ltr'>ad</span> <span class='ocrx_word' id='word_1_144' title='bbox 804 1405 999 1460; x_wconf 90' lang='lat' dir='ltr'>disserendum</span> <span class='ocrx_word' id='word_1_145' title='bbox 1012 1423 1075 1460; x_wconf 89' lang='lat' dir='ltr'>cum</span> <span class='ocrx_word' id='word_1_146' title='bbox 1088 1405 1139 1472; x_wconf 91' lang='lat' dir='ltr'>iis,</span> <span class='ocrx_word' id='word_1_147' title='bbox 1157 1407 1207 1477; x_wconf 89' lang='lat' dir='ltr'>qui</span> <span class='ocrx_word' id='word_1_148' title='bbox 1220 1424 1285 1461; x_wconf 91' lang='lat' dir='ltr'>con-</span> 
     </span>
     <span class='ocr_line' id='line_1_16' title="bbox 100 1472 1284 1546; baseline 0 -18"><span class='ocrx_word' id='word_1_149' title='bbox 100 1479 248 1530; x_wconf 88' lang='lat' dir='ltr'>venerunt.</span> <span class='ocrx_word' id='word_1_150' title='bbox 285 1472 379 1528; x_wconf 92' lang='lat' dir='ltr'>Multa</span> <span class='ocrx_word' id='word_1_151' title='bbox 396 1472 472 1527; x_wconf 90' lang='lat' dir='ltr'>enim</span> <span class='ocrx_word' id='word_1_152' title='bbox 488 1472 572 1528; x_wconf 87' lang='lat' dir='ltr'>turba</span> <span class='ocrx_word' id='word_1_153' title='bbox 589 1473 618 1526; x_wconf 92' lang='lat' dir='ltr'>in</span> <span class='ocrx_word' id='word_1_154' title='bbox 636 1473 708 1526; x_wconf 89' lang='lat' dir='ltr'>atrio</span> <span class='ocrx_word' id='word_1_155' title='bbox 722 1479 898 1544; x_wconf 84' lang='lat' dir='ltr'>congregata</span> <span class='ocrx_word' id='word_1_156' title='bbox 910 1479 939 1527; x_wconf 93' lang='lat' dir='ltr'>te</span> <span class='ocrx_word' id='word_1_157' title='bbox 953 1473 1111 1544; x_wconf 88' lang='lat' dir='ltr'>opperitur,</span> <span class='ocrx_word' id='word_1_158' title='bbox 1125 1475 1155 1529; x_wconf 91' lang='lat' dir='ltr'>in</span> <span class='ocrx_word' id='word_1_159' title='bbox 1167 1492 1284 1546; x_wconf 91' lang='lat' dir='ltr'>quorum</span> 
     </span>
     <span class='ocr_line' id='line_1_17' title="bbox 100 1540 1285 1622; baseline -0.001 -24"><span class='ocrx_word' id='word_1_160' title='bbox 100 1542 195 1598; x_wconf 90' lang='lat' dir='ltr'>medio</span> <span class='ocrx_word' id='word_1_161' title='bbox 217 1547 355 1622; x_wconf 83' lang='lat' dir='ltr'>tanquam</span> <span class='ocrx_word' id='word_1_162' title='bbox 375 1541 480 1611; x_wconf 91' lang='lat' dir='ltr'>aliquis</span> <span class='ocrx_word' id='word_1_163' title='bbox 500 1541 572 1598; x_wconf 89' lang='lat' dir='ltr'>belli</span> <span class='ocrx_word' id='word_1_164' title='bbox 594 1540 650 1594; x_wconf 84' lang='lat' dir='ltr'>dux</span> <span class='ocrx_word' id='word_1_165' title='bbox 670 1541 706 1595; x_wconf 89' lang='lat' dir='ltr'>ab</span> <span class='ocrx_word' id='word_1_166' title='bbox 726 1540 761 1594; x_wconf 90' lang='lat' dir='ltr'>iis</span> <span class='ocrx_word' id='word_1_167' title='bbox 783 1546 931 1611; x_wconf 84' lang='lat' dir='ltr'>protectus</span> <span class='ocrx_word' id='word_1_168' title='bbox 951 1558 985 1595; x_wconf 87' lang='lat' dir='ltr'>ac</span> <span class='ocrx_word' id='word_1_169' title='bbox 1007 1541 1131 1612; x_wconf 88' lang='lat' dir='ltr'>stipatus</span> <span class='ocrx_word' id='word_1_170' title='bbox 1153 1543 1285 1597; x_wconf 89' lang='lat' dir='ltr'>constitit</span> 
     </span>
     <span class='ocr_line' id='line_1_18' title="bbox 99 1607 1283 1680; baseline -0.001 -15"><span class='ocrx_word' id='word_1_171' title='bbox 99 1611 206 1666; x_wconf 85' lang='lat' dir='ltr'>Simon.</span> <span class='ocrx_word' id='word_1_172' title='bbox 243 1609 299 1663; x_wconf 88' lang='lat' dir='ltr'>Hrs</span> <span class='ocrx_word' id='word_1_173' title='bbox 316 1608 423 1664; x_wconf 89' lang='lat' dir='ltr'>auditis</span> <span class='ocrx_word' id='word_1_174' title='bbox 439 1609 541 1664; x_wconf 89' lang='lat' dir='ltr'>Petrus</span> <span class='ocrx_word' id='word_1_175' title='bbox 559 1607 776 1663; x_wconf 79' lang='lat' dir='ltr'>corporationis</span> <span class='ocrx_word' id='word_1_176' title='bbox 795 1607 889 1680; x_wconf 82' lang='lat' dir='ltr'>gratia</span> <span class='ocrx_word' id='word_1_177' title='bbox 908 1609 1067 1678; x_wconf 85' lang='lat' dir='ltr'>paullulum</span> <span class='ocrx_word' id='word_1_178' title='bbox 1084 1610 1218 1665; x_wconf 89' lang='lat' dir='ltr'>secedere</span> <span class='ocrx_word' id='word_1_179' title='bbox 1239 1628 1283 1665; x_wconf 89' lang='lat' dir='ltr'>me</span> 
     </span>
     <span class='ocr_line' id='line_1_19' title="bbox 100 1675 1284 1748; baseline 0 -16"><span class='ocrx_word' id='word_1_180' title='bbox 100 1678 250 1744; x_wconf 85' lang='lat' dir='ltr'>iussisset,</span> <span class='ocrx_word' id='word_1_181' title='bbox 265 1677 314 1748; x_wconf 91' lang='lat' dir='ltr'>qui</span> <span class='ocrx_word' id='word_1_182' title='bbox 330 1676 454 1732; x_wconf 91' lang='lat' dir='ltr'>nondum</span> <span class='ocrx_word' id='word_1_183' title='bbox 473 1683 643 1732; x_wconf 86' lang='lat' dir='ltr'>consecutus</span> <span class='ocrx_word' id='word_1_184' title='bbox 660 1675 767 1731; x_wconf 84' lang='lat' dir='ltr'>fueram</span> <span class='ocrx_word' id='word_1_185' title='bbox 786 1677 910 1731; x_wconf 85' lang='lat' dir='ltr'>salutare</span> <span class='ocrx_word' id='word_1_186' title='bbox 926 1676 1083 1747; x_wconf 90' lang='lat' dir='ltr'>baptisma,</span> <span class='ocrx_word' id='word_1_187' title='bbox 1101 1678 1138 1733; x_wconf 91' lang='lat' dir='ltr'>ad</span> <span class='ocrx_word' id='word_1_188' title='bbox 1155 1677 1211 1732; x_wconf 87' lang='lat' dir='ltr'>iam</span> <span class='ocrx_word' id='word_1_189' title='bbox 1223 1695 1284 1748; x_wconf 89' lang='lat' dir='ltr'>per-</span> 
     </span>
     <span class='ocr_line' id='line_1_20' title="bbox 99 1744 1284 1866; baseline 0 -66"><span class='ocrx_word' id='word_1_190' title='bbox 99 1747 195 1802; x_wconf 81' lang='lat' dir='ltr'>iectos</span> <span class='ocrx_word' id='word_1_191' title='bbox 209 1763 244 1800; x_wconf 89' lang='lat' dir='ltr'>ac</span> <span class='ocrx_word' id='word_1_192' title='bbox 256 1746 421 1816; x_wconf 86' lang='lat' dir='ltr'>baptizatos</span> <span class='ocrx_word' id='word_1_193' title='bbox 433 1744 603 1817; x_wconf 87' lang='lat' dir='ltr'>Surgentes,</span> <span class='ocrx_word' id='word_1_194' title='bbox 617 1744 719 1866; x_wconf 55' lang='lat' dir='ltr'>inspuit,</span> <span class='ocrx_word' id='word_1_195' title='bbox 733 1763 853 1810; x_wconf 87' lang='lat' dir='ltr'>oremus,</span> <span class='ocrx_word' id='word_1_196' title='bbox 866 1750 898 1798; x_wconf 92' lang='lat' dir='ltr'>ut</span> <span class='ocrx_word' id='word_1_197' title='bbox 910 1744 991 1799; x_wconf 88' lang='lat' dir='ltr'>Deus</span> <span class='ocrx_word' id='word_1_198' title='bbox 1003 1763 1052 1826; x_wconf 88' lang='lat' dir='ltr'>pro</span> <span class='ocrx_word' id='word_1_199' title='bbox 1066 1745 1125 1800; x_wconf 89' lang='lat' dir='ltr'>suis</span> <span class='ocrx_word' id='word_1_200' title='bbox 1137 1746 1284 1817; x_wconf 86' lang='lat' dir='ltr'>perpetuis</span> 
     </span>
     <span class='ocr_line' id='line_1_21' title="bbox 100 1812 1285 1896; baseline 0 -28"><span class='ocrx_word' id='word_1_201' title='bbox 100 1814 337 1869; x_wconf 81' lang='lat' dir='ltr'>miserationibus</span> <span class='ocrx_word' id='word_1_202' title='bbox 350 1813 507 1884; x_wconf 84' lang='lat' dir='ltr'>opituletur</span> <span class='ocrx_word' id='word_1_203' title='bbox 517 1812 587 1867; x_wconf 90' lang='lat' dir='ltr'>mihi</span> <span class='ocrx_word' id='word_1_204' title='bbox 599 1830 649 1893; x_wconf 92' lang='lat' dir='ltr'>pro</span> <span class='ocrx_word' id='word_1_205' title='bbox 672 1812 751 1868; x_wconf 90' lang='lat' dir='ltr'>eunti</span> <span class='ocrx_word' id='word_1_206' title='bbox 764 1813 800 1868; x_wconf 95' lang='lat' dir='ltr'>ob</span> <span class='ocrx_word' id='word_1_207' title='bbox 814 1812 935 1868; x_wconf 88' lang='lat' dir='ltr'>salutem</span> <span class='ocrx_word' id='word_1_208' title='bbox 944 1812 1089 1868; x_wconf 89' lang='lat' dir='ltr'>hommum</span> <span class='ocrx_word' id='word_1_209' title='bbox 1101 1814 1138 1870; x_wconf 87' lang='lat' dir='ltr'>ab</span> <span class='ocrx_word' id='word_1_210' title='bbox 1150 1815 1213 1896; x_wconf 90' lang='lat' dir='ltr'>ipso</span> <span class='ocrx_word' id='word_1_211' title='bbox 1227 1831 1285 1870; x_wconf 89' lang='lat' dir='ltr'>cre·</span> 
     </span>
     <span class='ocr_line' id='line_1_22' title="bbox 98 1880 1284 1952; baseline -0.002 -14"><span class='ocrx_word' id='word_1_212' title='bbox 98 1889 218 1938; x_wconf 87' lang='lat' dir='ltr'>atorum.</span> <span class='ocrx_word' id='word_1_213' title='bbox 244 1881 341 1952; x_wconf 91' lang='lat' dir='ltr'>thue</span> <span class='ocrx_word' id='word_1_214' title='bbox 357 1881 412 1936; x_wconf 93' lang='lat' dir='ltr'>hoc</span> <span class='ocrx_word' id='word_1_215' title='bbox 430 1881 516 1948; x_wconf 87' lang='lat' dir='ltr'>dixit,</span> <span class='ocrx_word' id='word_1_216' title='bbox 534 1886 662 1935; x_wconf 76' lang='lat' dir='ltr'>oratione</span> <span class='ocrx_word' id='word_1_217' title='bbox 680 1880 758 1935; x_wconf 90' lang='lat' dir='ltr'>facta</span> <span class='ocrx_word' id='word_1_218' title='bbox 771 1880 841 1936; x_wconf 86' lang='lat' dir='ltr'>exiit</span> <span class='ocrx_word' id='word_1_219' title='bbox 856 1880 886 1935; x_wconf 90' lang='lat' dir='ltr'>in</span> <span class='ocrx_word' id='word_1_220' title='bbox 898 1881 963 1935; x_wconf 91' lang='lat' dir='ltr'>atrii</span> <span class='ocrx_word' id='word_1_221' title='bbox 975 1882 1069 1938; x_wconf 91' lang='lat' dir='ltr'>locum</span> <span class='ocrx_word' id='word_1_222' title='bbox 1082 1883 1242 1938; x_wconf 82' lang='lat' dir='ltr'>subdralem</span> <span class='ocrx_word' id='word_1_223' title='bbox 1254 1887 1284 1937; x_wconf 92' lang='lat' dir='ltr'>et</span> 
     </span>
     <span class='ocr_line' id='line_1_23' title="bbox 98 1947 1285 2022; baseline -0.001 -18"><span class='ocrx_word' id='word_1_224' title='bbox 98 1967 235 2022; x_wconf 86' lang='lat' dir='ltr'>magnum</span> <span class='ocrx_word' id='word_1_225' title='bbox 258 1966 314 2021; x_wconf 89' lang='lat' dir='ltr'>quo</span> <span class='ocrx_word' id='word_1_226' title='bbox 326 1949 409 2003; x_wconf 91' lang='lat' dir='ltr'>multi</span> <span class='ocrx_word' id='word_1_227' title='bbox 422 1954 622 2014; x_wconf 85' lang='lat' dir='ltr'>convenerant,</span> <span class='ocrx_word' id='word_1_228' title='bbox 635 1954 668 2002; x_wconf 90' lang='lat' dir='ltr'>ut</span> <span class='ocrx_word' id='word_1_229' title='bbox 680 1947 781 2003; x_wconf 90' lang='lat' dir='ltr'>fierent</span> <span class='ocrx_word' id='word_1_230' title='bbox 793 1948 937 2004; x_wconf 90' lang='lat' dir='ltr'>auditores</span> <span class='ocrx_word' id='word_1_231' title='bbox 956 1967 1059 2018; x_wconf 85' lang='lat' dir='ltr'>eorum,</span> <span class='ocrx_word' id='word_1_232' title='bbox 1073 1968 1145 2022; x_wconf 89' lang='lat' dir='ltr'>quae</span> <span class='ocrx_word' id='word_1_233' title='bbox 1163 1949 1285 2006; x_wconf 89' lang='lat' dir='ltr'>dicenda</span> 
     </span>
     <span class='ocr_line' id='line_1_24' title="bbox 99 1989 1284 2089; baseline 0 -17"><span class='ocrx_word' id='word_1_234' title='bbox 99 2023 206 2073; x_wconf 88' lang='lat' dir='ltr'>essent.</span> <span class='ocrx_word' id='word_1_235' title='bbox 232 1989 318 2072; x_wconf 90' lang='lat' dir='ltr'>Stans</span> <span class='ocrx_word' id='word_1_236' title='bbox 336 2035 403 2089; x_wconf 86' lang='lat' dir='ltr'>ergo</span> <span class='ocrx_word' id='word_1_237' title='bbox 422 2033 597 2087; x_wconf 86' lang='lat' dir='ltr'>cernensque</span> <span class='ocrx_word' id='word_1_238' title='bbox 614 2017 776 2070; x_wconf 88' lang='lat' dir='ltr'>universum</span> <span class='ocrx_word' id='word_1_239' title='bbox 795 2017 930 2088; x_wconf 90' lang='lat' dir='ltr'>populum</span> <span class='ocrx_word' id='word_1_240' title='bbox 954 2036 1061 2074; x_wconf 90' lang='lat' dir='ltr'>summo</span> <span class='ocrx_word' id='word_1_241' title='bbox 1084 2037 1147 2074; x_wconf 92' lang='lat' dir='ltr'>cum</span> <span class='ocrx_word' id='word_1_242' title='bbox 1169 2019 1284 2074; x_wconf 89' lang='lat' dir='ltr'>silentio</span> 
     </span>
     <span class='ocr_line' id='line_1_25' title="bbox 98 2083 1284 2207; baseline 0.001 -67"><span class='ocrx_word' id='word_1_243' title='bbox 98 2087 200 2207; x_wconf 60' lang='grc' dir='ltr'>οοιιὲοε</span> <span class='ocrx_word' id='word_1_244' title='bbox 217 2084 248 2206; x_wconf 80' lang='lat' dir='ltr'>ip</span> <span class='ocrx_word' id='word_1_245' title='bbox 264 2085 358 2165; x_wconf 76' lang='lat' dir='ltr'>ipsum</span> <span class='ocrx_word' id='word_1_246' title='bbox 374 2084 530 2166; x_wconf 76' lang='lat' dir='ltr'>conlisere,</span> <span class='ocrx_word' id='word_1_247' title='bbox 553 2103 587 2156; x_wconf 77' lang='lat' dir='ltr'>pc</span> <span class='ocrx_word' id='word_1_248' title='bbox 606 2083 748 2140; x_wconf 87' lang='lat' dir='ltr'>Simonem</span> <span class='ocrx_word' id='word_1_249' title='bbox 765 2103 879 2158; x_wconf 88' lang='lat' dir='ltr'>magum</span> <span class='ocrx_word' id='word_1_250' title='bbox 897 2085 926 2140; x_wconf 90' lang='lat' dir='ltr'>in</span> <span class='ocrx_word' id='word_1_251' title='bbox 942 2087 1037 2142; x_wconf 91' lang='lat' dir='ltr'>medio</span> <span class='ocrx_word' id='word_1_252' title='bbox 1051 2093 1141 2156; x_wconf 89' lang='lat' dir='ltr'>stare,</span> <span class='ocrx_word' id='word_1_253' title='bbox 1161 2088 1237 2142; x_wconf 92' lang='lat' dir='ltr'>hunc</span> <span class='ocrx_word' id='word_1_254' title='bbox 1254 2086 1284 2141; x_wconf 90' lang='lat' dir='ltr'>in</span> 
     </span>
     <span class='ocr_line' id='line_1_26' title="bbox 99 2159 1283 2300; baseline 0.002 -26"><span class='ocrx_word' id='word_1_255' title='bbox 99 2172 145 2210; x_wconf 73' lang='lat' dir='ltr'>mo</span> <span class='ocrx_word' id='word_1_256' title='bbox 170 2159 689 2288; x_wconf 49' lang='grc' dir='ltr'>ιιΧΠ11Χο11.01ξέ1111111οιιιιιίὶιιιονοὶιίο,</span> <span class='ocrx_word' id='word_1_257' title='bbox 703 2219 751 2291; x_wconf 93' lang='lat' dir='ltr'>qui</span> <span class='ocrx_word' id='word_1_258' title='bbox 784 2221 856 2300; x_wconf 80' lang='lat' dir='ltr'>arati</span> <span class='ocrx_word' id='word_1_259' title='bbox 870 2221 940 2276; x_wconf 82' lang='lat' dir='ltr'>estis</span> <span class='ocrx_word' id='word_1_260' title='bbox 950 2222 1081 2278; x_wconf 82' lang='lat' dir='ltr'>dexteras</span> <span class='ocrx_word' id='word_1_261' title='bbox 1091 2223 1157 2278; x_wconf 88' lang='lat' dir='ltr'>dare</span> <span class='ocrx_word' id='word_1_262' title='bbox 1166 2222 1283 2278; x_wconf 89' lang='lat' dir='ltr'>veritati</span> 
     </span>
     <span class='ocr_line' id='line_1_27' title="bbox 100 2240 1285 2362; baseline 0.002 -20"><span class='ocrx_word' id='word_1_263' title='bbox 100 2289 175 2357; x_wconf 90' lang='lat' dir='ltr'>Dei,</span> <span class='ocrx_word' id='word_1_264' title='bbox 195 2307 280 2360; x_wconf 89' lang='lat' dir='ltr'>quam</span> <span class='ocrx_word' id='word_1_265' title='bbox 291 2307 426 2362; x_wconf 84' lang='lat' dir='ltr'>magnum</span> <span class='ocrx_word' id='word_1_266' title='bbox 443 2305 543 2359; x_wconf 89' lang='lat' dir='ltr'>nempe</span> <span class='ocrx_word' id='word_1_267' title='bbox 557 2307 591 2343; x_wconf 90' lang='lat' dir='ltr'>ac</span> <span class='ocrx_word' id='word_1_268' title='bbox 603 2240 824 2359; x_wconf 71' lang='lat' dir='ltr'>incomparabrle</span> <span class='ocrx_word' id='word_1_269' title='bbox 841 2289 902 2344; x_wconf 89' lang='lat' dir='ltr'>eius</span> <span class='ocrx_word' id='word_1_270' title='bbox 914 2309 1015 2344; x_wconf 88' lang='lat' dir='ltr'>munus</span> <span class='ocrx_word' id='word_1_271' title='bbox 1028 2290 1058 2344; x_wconf 88' lang='lat' dir='ltr'>in</span> <span class='ocrx_word' id='word_1_272' title='bbox 1070 2290 1123 2346; x_wconf 92' lang='lat' dir='ltr'>hoc</span> <span class='ocrx_word' id='word_1_273' title='bbox 1136 2291 1240 2345; x_wconf 90' lang='lat' dir='ltr'>mundo</span> <span class='ocrx_word' id='word_1_274' title='bbox 1253 2296 1285 2344; x_wconf 88' lang='lat' dir='ltr'>ut</span> 
     </span>
     <span class='ocr_line' id='line_1_28' title="bbox 101 2356 1284 2428; baseline -0.003 -16"><span class='ocrx_word' id='word_1_275' title='bbox 101 2357 132 2412; x_wconf 93' lang='lat' dir='ltr'>in</span> <span class='ocrx_word' id='word_1_276' title='bbox 142 2357 349 2412; x_wconf 80' lang='lat' dir='ltr'>salutationem</span> <span class='ocrx_word' id='word_1_277' title='bbox 358 2357 440 2411; x_wconf 89' lang='lat' dir='ltr'>vobis</span> <span class='ocrx_word' id='word_1_278' title='bbox 449 2363 515 2411; x_wconf 90' lang='lat' dir='ltr'>ante</span> <span class='ocrx_word' id='word_1_279' title='bbox 527 2374 669 2412; x_wconf 88' lang='lat' dir='ltr'>sermones</span> <span class='ocrx_word' id='word_1_280' title='bbox 679 2356 825 2411; x_wconf 89' lang='lat' dir='ltr'>doctrinae</span> <span class='ocrx_word' id='word_1_281' title='bbox 835 2358 1025 2413; x_wconf 90' lang='lat' dir='ltr'>acclamemus</span> <span class='ocrx_word' id='word_1_282' title='bbox 1034 2359 1181 2428; x_wconf 90' lang='lat' dir='ltr'>praecepit</span> <span class='ocrx_word' id='word_1_283' title='bbox 1190 2358 1284 2424; x_wconf 91' lang='lat' dir='ltr'>nobis,</span> 
     </span>
     <span class='ocr_line' id='line_1_29' title="bbox 98 2423 1286 2496; baseline -0.001 -17"><span class='ocrx_word' id='word_1_284' title='bbox 98 2426 149 2495; x_wconf 92' lang='lat' dir='ltr'>qui</span> <span class='ocrx_word' id='word_1_285' title='bbox 168 2425 248 2479; x_wconf 88' lang='lat' dir='ltr'>misit</span> <span class='ocrx_word' id='word_1_286' title='bbox 260 2443 312 2480; x_wconf 88' lang='lat' dir='ltr'>nos</span> <span class='ocrx_word' id='word_1_287' title='bbox 326 2425 456 2479; x_wconf 88' lang='lat' dir='ltr'>dominus</span> <span class='ocrx_word' id='word_1_288' title='bbox 469 2424 550 2479; x_wconf 90' lang='lat' dir='ltr'>Iesus</span> <span class='ocrx_word' id='word_1_289' title='bbox 565 2423 709 2490; x_wconf 80' lang='lat' dir='ltr'>Christus,</span> <span class='ocrx_word' id='word_1_290' title='bbox 727 2423 804 2477; x_wconf 90' lang='lat' dir='ltr'>filius</span> <span class='ocrx_word' id='word_1_291' title='bbox 817 2424 874 2479; x_wconf 92' lang='lat' dir='ltr'>Dei</span> <span class='ocrx_word' id='word_1_292' title='bbox 886 2424 959 2492; x_wconf 86' lang='lat' dir='ltr'>vivi,</span> <span class='ocrx_word' id='word_1_293' title='bbox 978 2443 1033 2495; x_wconf 92' lang='lat' dir='ltr'>quo</span> <span class='ocrx_word' id='word_1_294' title='bbox 1051 2426 1075 2478; x_wconf 93' lang='lat' dir='ltr'>si</span> <span class='ocrx_word' id='word_1_295' title='bbox 1093 2426 1198 2496; x_wconf 89' lang='lat' dir='ltr'>aliquis</span> <span class='ocrx_word' id='word_1_296' title='bbox 1211 2425 1286 2480; x_wconf 89' lang='lat' dir='ltr'>inter</span> 
     </span>
     <span class='ocr_line' id='line_1_30' title="bbox 97 2491 1284 2564; baseline 0 -18"><span class='ocrx_word' id='word_1_297' title='bbox 97 2512 149 2548; x_wconf 86' lang='lat' dir='ltr'>vos</span> <span class='ocrx_word' id='word_1_298' title='bbox 165 2493 204 2547; x_wconf 88' lang='lat' dir='ltr'>sit</span> <span class='ocrx_word' id='word_1_299' title='bbox 225 2492 303 2546; x_wconf 90' lang='lat' dir='ltr'>filius</span> <span class='ocrx_word' id='word_1_300' title='bbox 320 2492 400 2564; x_wconf 88' lang='lat' dir='ltr'>pacis</span> <span class='ocrx_word' id='word_1_301' title='bbox 418 2509 469 2564; x_wconf 92' lang='lat' dir='ltr'>per</span> <span class='ocrx_word' id='word_1_302' title='bbox 481 2492 640 2548; x_wconf 84' lang='lat' dir='ltr'>doctrinam</span> <span class='ocrx_word' id='word_1_303' title='bbox 657 2499 783 2546; x_wconf 87' lang='lat' dir='ltr'>nostram</span> <span class='ocrx_word' id='word_1_304' title='bbox 794 2510 850 2562; x_wconf 82' lang='lat' dir='ltr'>pax</span> <span class='ocrx_word' id='word_1_305' title='bbox 862 2509 925 2546; x_wconf 89' lang='lat' dir='ltr'>eum</span> <span class='ocrx_word' id='word_1_306' title='bbox 938 2493 1160 2563; x_wconf 78' lang='lat' dir='ltr'>complectatur3</span> <span class='ocrx_word' id='word_1_307' title='bbox 1183 2491 1284 2561; x_wconf 87' lang='lat' dir='ltr'>siquis</span> 
     </span>
     <span class='ocr_line' id='line_1_31' title="bbox 98 2559 1285 2682; baseline -0.001 -67"><span class='ocrx_word' id='word_1_308' title='bbox 98 2568 197 2616; x_wconf 87' lang='lat' dir='ltr'>autem</span> <span class='ocrx_word' id='word_1_309' title='bbox 214 2567 340 2616; x_wconf 88' lang='lat' dir='ltr'>vestrum</span> <span class='ocrx_word' id='word_1_310' title='bbox 354 2577 416 2616; x_wconf 89' lang='lat' dir='ltr'>eam</span> <span class='ocrx_word' id='word_1_311' title='bbox 436 2560 565 2632; x_wconf 91' lang='lat' dir='ltr'>accipere</span> <span class='ocrx_word' id='word_1_312' title='bbox 578 2561 664 2627; x_wconf 92' lang='lat' dir='ltr'>nolit,</span> <span class='ocrx_word' id='word_1_313' title='bbox 682 2566 750 2613; x_wconf 90' lang='lat' dir='ltr'>tunc</span> <span class='ocrx_word' id='word_1_314' title='bbox 767 2565 796 2614; x_wconf 91' lang='lat' dir='ltr'>et</span> <span class='ocrx_word' id='word_1_315' title='bbox 809 2577 865 2639; x_wconf 42' lang='lat' dir='ltr'>nos·</span> <span class='ocrx_word' id='word_1_316' title='bbox 879 2576 998 2614; x_wconf 86' lang='lat' dir='ltr'>excusso</span> <span class='ocrx_word' id='word_1_317' title='bbox 1004 2559 1115 2682; x_wconf 77' lang='lat' dir='ltr'>pedum</span> <span class='ocrx_word' id='word_1_318' title='bbox 1126 2565 1285 2614; x_wconf 91' lang='lat' dir='ltr'>nostrorum</span> 
     </span>
     <span class='ocr_line' id='line_1_32' title="bbox 97 2626 1285 2698; baseline -0.001 -15"><span class='ocrx_word' id='word_1_319' title='bbox 97 2629 219 2698; x_wconf 88' lang='lat' dir='ltr'>pulvere</span> <span class='ocrx_word' id='word_1_320' title='bbox 231 2628 262 2682; x_wconf 93' lang='lat' dir='ltr'>in</span> <span class='ocrx_word' id='word_1_321' title='bbox 279 2627 475 2683; x_wconf 84' lang='lat' dir='ltr'>testimonium</span> <span class='ocrx_word' id='word_1_322' title='bbox 493 2629 530 2683; x_wconf 90' lang='lat' dir='ltr'>ad</span> <span class='ocrx_word' id='word_1_323' title='bbox 546 2629 666 2683; x_wconf 89' lang='lat' dir='ltr'>aliorum</span> <span class='ocrx_word' id='word_1_324' title='bbox 679 2627 776 2681; x_wconf 85' lang='lat' dir='ltr'>domos</span> <span class='ocrx_word' id='word_1_325' title='bbox 793 2644 827 2681; x_wconf 90' lang='lat' dir='ltr'>ac</span> <span class='ocrx_word' id='word_1_326' title='bbox 840 2627 974 2682; x_wconf 86' lang='lat' dir='ltr'>crvitates</span> <span class='ocrx_word' id='word_1_327' title='bbox 987 2645 1003 2682; x_wconf 92' lang='lat' dir='ltr'>a</span> <span class='ocrx_word' id='word_1_328' title='bbox 1025 2644 1129 2681; x_wconf 88' lang='lat' dir='ltr'>carnus.</span> <span class='ocrx_word' id='word_1_329' title='bbox 1163 2626 1208 2682; x_wconf 88' lang='lat' dir='ltr'>Ac</span> <span class='ocrx_word' id='word_1_330' title='bbox 1219 2643 1285 2682; x_wconf 89' lang='lat' dir='ltr'>vere</span> 
     </span>
     <span class='ocr_line' id='line_1_33' title="bbox 100 2694 1285 2752; baseline -0.003 0"><span class='ocrx_word' id='word_1_331' title='bbox 100 2696 226 2752; x_wconf 89' lang='lat' dir='ltr'>dicimus</span> <span class='ocrx_word' id='word_1_332' title='bbox 242 2696 338 2751; x_wconf 86' lang='lat' dir='ltr'>vobis:</span> <span class='ocrx_word' id='word_1_333' title='bbox 358 2695 550 2751; x_wconf 87' lang='lat' dir='ltr'>Tolerabilius</span> <span class='ocrx_word' id='word_1_334' title='bbox 563 2697 617 2751; x_wconf 89' lang='lat' dir='ltr'>erit</span> <span class='ocrx_word' id='word_1_335' title='bbox 634 2696 664 2750; x_wconf 92' lang='lat' dir='ltr'>in</span> <span class='ocrx_word' id='word_1_336' title='bbox 683 2695 729 2748; x_wconf 93' lang='lat' dir='ltr'>die</span> <span class='ocrx_word' id='word_1_337' title='bbox 747 2694 848 2749; x_wconf 88' lang='lat' dir='ltr'>iudicii</span> <span class='ocrx_word' id='word_1_338' title='bbox 866 2694 955 2752; x_wconf 85' lang='lat' dir='ltr'>fuisse</span> <span class='ocrx_word' id='word_1_339' title='bbox 973 2695 1003 2749; x_wconf 91' lang='lat' dir='ltr'>in</span> <span class='ocrx_word' id='word_1_340' title='bbox 1015 2701 1091 2750; x_wconf 87' lang='lat' dir='ltr'>terra</span> <span class='ocrx_word' id='word_1_341' title='bbox 1103 2694 1285 2750; x_wconf 86' lang='lat' dir='ltr'>Sodomorum</span> 
     </span>
     <span class='ocr_line' id='line_1_34' title="bbox 103 2762 1286 2835; baseline -0.003 -15"><span class='ocrx_word' id='word_1_342' title='bbox 103 2771 134 2820; x_wconf 93' lang='lat' dir='ltr'>et</span> <span class='ocrx_word' id='word_1_343' title='bbox 148 2763 334 2832; x_wconf 86' lang='lat' dir='ltr'>Gomorrhae,</span> <span class='ocrx_word' id='word_1_344' title='bbox 347 2782 431 2835; x_wconf 88' lang='lat' dir='ltr'>quam</span> <span class='ocrx_word' id='word_1_345' title='bbox 443 2764 474 2818; x_wconf 90' lang='lat' dir='ltr'>in</span> <span class='ocrx_word' id='word_1_346' title='bbox 486 2764 550 2819; x_wconf 92' lang='lat' dir='ltr'>loco</span> <span class='ocrx_word' id='word_1_347' title='bbox 562 2762 787 2818; x_wconf 89' lang='lat' dir='ltr'>incredulitatis:</span> <span class='ocrx_word' id='word_1_348' title='bbox 811 2763 901 2834; x_wconf 91' lang='lat' dir='ltr'>primo</span> <span class='ocrx_word' id='word_1_349' title='bbox 919 2763 1033 2834; x_wconf 91' lang='lat' dir='ltr'>quidem</span> <span class='ocrx_word' id='word_1_350' title='bbox 1045 2763 1113 2834; x_wconf 92' lang='lat' dir='ltr'>quia</span> <span class='ocrx_word' id='word_1_351' title='bbox 1124 2781 1181 2818; x_wconf 88' lang='lat' dir='ltr'>non</span> <span class='ocrx_word' id='word_1_352' title='bbox 1192 2763 1286 2834; x_wconf 92' lang='lat' dir='ltr'>potui-</span> 
     </span>
     <span class='ocr_line' id='line_1_35' title="bbox 105 2831 1285 2905; baseline 0 -19"><span class='ocrx_word' id='word_1_353' title='bbox 105 2833 163 2886; x_wconf 88' lang='lat' dir='ltr'>stis</span> <span class='ocrx_word' id='word_1_354' title='bbox 175 2850 211 2888; x_wconf 89' lang='lat' dir='ltr'>ex</span> <span class='ocrx_word' id='word_1_355' title='bbox 223 2832 305 2887; x_wconf 87' lang='lat' dir='ltr'>vobis</span> <span class='ocrx_word' id='word_1_356' title='bbox 318 2849 474 2905; x_wconf 77' lang='lat' dir='ltr'>agnoscere</span> <span class='ocrx_word' id='word_1_357' title='bbox 486 2831 651 2900; x_wconf 65' lang='lat' dir='ltr'>veritatem,</span> <span class='ocrx_word' id='word_1_358' title='bbox 664 2831 788 2886; x_wconf 92' lang='lat' dir='ltr'>secundo</span> <span class='ocrx_word' id='word_1_359' title='bbox 802 2831 934 2902; x_wconf 88' lang='lat' dir='ltr'>quoniam</span> <span class='ocrx_word' id='word_1_360' title='bbox 947 2832 982 2887; x_wconf 92' lang='lat' dir='ltr'>de</span> <span class='ocrx_word' id='word_1_361' title='bbox 994 2831 1099 2888; x_wconf 88' lang='lat' dir='ltr'>nostris</span> <span class='ocrx_word' id='word_1_362' title='bbox 1113 2849 1176 2887; x_wconf 90' lang='lat' dir='ltr'>cum</span> <span class='ocrx_word' id='word_1_363' title='bbox 1189 2831 1285 2886; x_wconf 88' lang='lat' dir='ltr'>audie-</span> 
     </span>
     <span class='ocr_line' id='line_1_36' title="bbox 101 2899 1285 2972; baseline 0.001 -19"><span class='ocrx_word' id='word_1_364' title='bbox 101 2900 183 2968; x_wconf 90' lang='lat' dir='ltr'>ritis,</span> <span class='ocrx_word' id='word_1_365' title='bbox 201 2918 259 2955; x_wconf 90' lang='lat' dir='ltr'>non</span> <span class='ocrx_word' id='word_1_366' title='bbox 274 2900 395 2956; x_wconf 88' lang='lat' dir='ltr'>venistis</span> <span class='ocrx_word' id='word_1_367' title='bbox 413 2917 502 2970; x_wconf 88' lang='lat' dir='ltr'>usque</span> <span class='ocrx_word' id='word_1_368' title='bbox 519 2899 556 2954; x_wconf 91' lang='lat' dir='ltr'>ad</span> <span class='ocrx_word' id='word_1_369' title='bbox 568 2917 635 2968; x_wconf 79' lang='lat' dir='ltr'>nos3</span> <span class='ocrx_word' id='word_1_370' title='bbox 656 2899 742 2954; x_wconf 88' lang='lat' dir='ltr'>tertio</span> <span class='ocrx_word' id='word_1_371' title='bbox 759 2900 926 2970; x_wconf 79' lang='lat' dir='ltr'>quinetiam</span> <span class='ocrx_word' id='word_1_372' title='bbox 941 2901 1025 2956; x_wconf 89' lang='lat' dir='ltr'>nobis</span> <span class='ocrx_word' id='word_1_373' title='bbox 1037 2900 1136 2955; x_wconf 86' lang='lat' dir='ltr'>advos</span> <span class='ocrx_word' id='word_1_374' title='bbox 1148 2899 1285 2972; x_wconf 87' lang='lat' dir='ltr'>profectis</span> 
     </span>
     <span class='ocr_line' id='line_1_37' title="bbox 99 2966 1285 3051; baseline 0.002 -29"><span class='ocrx_word' id='word_1_375' title='bbox 99 2986 160 3022; x_wconf 89' lang='lat' dir='ltr'>uon</span> <span class='ocrx_word' id='word_1_376' title='bbox 172 2967 344 3024; x_wconf 87' lang='lat' dir='ltr'>credidistis.</span> <span class='ocrx_word' id='word_1_377' title='bbox 380 2969 473 3033; x_wconf 80' lang='lat' dir='ltr'>Quare</span> <span class='ocrx_word' id='word_1_378' title='bbox 485 2966 683 3040; x_wconf 86' lang='lat' dir='ltr'>gratificantes</span> <span class='ocrx_word' id='word_1_379' title='bbox 695 2967 778 3022; x_wconf 89' lang='lat' dir='ltr'>vobis</span> <span class='ocrx_word' id='word_1_380' title='bbox 790 2968 864 3022; x_wconf 90' lang='lat' dir='ltr'>ultro</span> <span class='ocrx_word' id='word_1_381' title='bbox 878 2985 1004 3036; x_wconf 88' lang='lat' dir='ltr'>oramus,</span> <span class='ocrx_word' id='word_1_382' title='bbox 1017 2975 1049 3023; x_wconf 91' lang='lat' dir='ltr'>ut</span> <span class='ocrx_word' id='word_1_383' title='bbox 1061 2987 1116 3051; x_wconf 86' lang='lat' dir='ltr'>pax</span> <span class='ocrx_word' id='word_1_384' title='bbox 1129 2975 1226 3024; x_wconf 89' lang='lat' dir='ltr'>nostra</span> <span class='ocrx_word' id='word_1_385' title='bbox 1238 2987 1285 3024; x_wconf 86' lang='lat' dir='ltr'>ve-</span> 
     </span>
     <span class='ocr_line' id='line_1_38' title="bbox 98 3035 1286 3108; baseline 0 -18"><span class='ocrx_word' id='word_1_386' title='bbox 98 3037 164 3091; x_wconf 90' lang='lat' dir='ltr'>niat</span> <span class='ocrx_word' id='word_1_387' title='bbox 177 3054 332 3108; x_wconf 87' lang='lat' dir='ltr'>supervos.</span> <span class='ocrx_word' id='word_1_388' title='bbox 368 3035 398 3090; x_wconf 94' lang='lat' dir='ltr'>Si</span> <span class='ocrx_word' id='word_1_389' title='bbox 412 3053 480 3108; x_wconf 85' lang='lat' dir='ltr'>ergo</span> <span class='ocrx_word' id='word_1_390' title='bbox 494 3053 556 3090; x_wconf 92' lang='lat' dir='ltr'>eam</span> <span class='ocrx_word' id='word_1_391' title='bbox 568 3035 673 3090; x_wconf 88' lang='lat' dir='ltr'>habere</span> <span class='ocrx_word' id='word_1_392' title='bbox 686 3035 784 3102; x_wconf 91' lang='lat' dir='ltr'>vultis,</span> <span class='ocrx_word' id='word_1_393' title='bbox 798 3041 911 3106; x_wconf 88' lang='lat' dir='ltr'>oportet</span> <span class='ocrx_word' id='word_1_394' title='bbox 926 3054 977 3091; x_wconf 89' lang='lat' dir='ltr'>vos</span> <span class='ocrx_word' id='word_1_395' title='bbox 990 3036 1078 3093; x_wconf 77' lang='lat' dir='ltr'>alacri</span> <span class='ocrx_word' id='word_1_396' title='bbox 1090 3037 1184 3092; x_wconf 89' lang='lat' dir='ltr'>animo</span> <span class='ocrx_word' id='word_1_397' title='bbox 1197 3037 1286 3092; x_wconf 91' lang='lat' dir='ltr'>susci-</span> 
     </span>
     <span class='ocr_line' id='line_1_39' title="bbox 100 3103 1284 3176; baseline 0.001 -17"><span class='ocrx_word' id='word_1_398' title='bbox 100 3121 170 3176; x_wconf 84' lang='lat' dir='ltr'>pere</span> <span class='ocrx_word' id='word_1_399' title='bbox 186 3103 301 3160; x_wconf 87' lang='lat' dir='ltr'>habitos</span> <span class='ocrx_word' id='word_1_400' title='bbox 319 3104 354 3158; x_wconf 89' lang='lat' dir='ltr'>de</span> <span class='ocrx_word' id='word_1_401' title='bbox 372 3103 481 3175; x_wconf 86' lang='lat' dir='ltr'>pietate</span> <span class='ocrx_word' id='word_1_402' title='bbox 499 3120 642 3158; x_wconf 86' lang='lat' dir='ltr'>sermones</span> <span class='ocrx_word' id='word_1_403' title='bbox 661 3109 747 3174; x_wconf 88' lang='lat' dir='ltr'>atque</span> <span class='ocrx_word' id='word_1_404' title='bbox 759 3103 824 3159; x_wconf 90' lang='lat' dir='ltr'>Deo</span> <span class='ocrx_word' id='word_1_405' title='bbox 840 3104 977 3175; x_wconf 89' lang='lat' dir='ltr'>placitam</span> <span class='ocrx_word' id='word_1_406' title='bbox 990 3106 1127 3176; x_wconf 88' lang='lat' dir='ltr'>amplecti</span> <span class='ocrx_word' id='word_1_407' title='bbox 1138 3105 1237 3173; x_wconf 87' lang='lat' dir='ltr'>vitam,</span> <span class='ocrx_word' id='word_1_408' title='bbox 1250 3111 1284 3160; x_wconf 90' lang='lat' dir='ltr'>nt</span> 
     </span>
     <span class='ocr_line' id='line_1_40' title="bbox 103 3171 1105 3242; baseline -0.002 -14"><span class='ocrx_word' id='word_1_409' title='bbox 103 3171 154 3242; x_wconf 90' lang='lat' dir='ltr'>pia</span> <span class='ocrx_word' id='word_1_410' title='bbox 167 3172 300 3241; x_wconf 86' lang='lat' dir='ltr'>iustaque</span> <span class='ocrx_word' id='word_1_411' title='bbox 313 3171 374 3226; x_wconf 87' lang='lat' dir='ltr'>vita</span> <span class='ocrx_word' id='word_1_412' title='bbox 385 3177 532 3227; x_wconf 85' lang='lat' dir='ltr'>transacta</span> <span class='ocrx_word' id='word_1_413' title='bbox 543 3177 722 3228; x_wconf 89' lang='lat' dir='ltr'>aeternorum</span> <span class='ocrx_word' id='word_1_414' title='bbox 733 3171 870 3227; x_wconf 89' lang='lat' dir='ltr'>bonorum</span> <span class='ocrx_word' id='word_1_415' title='bbox 881 3172 1019 3228; x_wconf 82' lang='lat' dir='ltr'>haeredes</span> <span class='ocrx_word' id='word_1_416' title='bbox 1032 3173 1105 3229; x_wconf 89' lang='lat' dir='ltr'>sitis.</span> 
     </span>
    </p>
   </div>
   <div class='ocr_carea' id='block_1_5' title="bbox 101 3356 1287 3497">
    <p class='ocr_par' dir='ltr' id='par_1_6' title="bbox 101 3356 1287 3497">
     <span class='ocr_line' id='line_1_41' title="bbox 101 3356 1287 3442; baseline 0 -32"><span class='ocrx_word' id='word_1_417' title='bbox 101 3360 169 3423; x_wconf 76' lang='lat' dir='ltr'>vulg.</span> <span class='ocrx_word' id='word_1_418' title='bbox 185 3389 220 3397; x_wconf 91' lang='lat'>-</span> <span class='ocrx_word' id='word_1_419' title='bbox 240 3356 269 3428; x_wconf 83' lang='lat'>5)</span> <span class='ocrx_word' id='word_1_420' title='bbox 287 3357 378 3414; x_wconf 77' lang='grc' dir='ltr'><strong><em>αὐτῶν</em></strong></span> <span class='ocrx_word' id='word_1_421' title='bbox 393 3361 496 3441; x_wconf 80' lang='lat' dir='ltr'>adiunxi</span> <span class='ocrx_word' id='word_1_422' title='bbox 511 3377 540 3412; x_wconf 83' lang='lat' dir='ltr'>er</span> <span class='ocrx_word' id='word_1_423' title='bbox 559 3362 672 3424; x_wconf 81' lang='lat' dir='ltr'>ABOD,</span> <span class='ocrx_word' id='word_1_424' title='bbox 767 3361 951 3442; x_wconf 70' lang='lat' dir='ltr'>(lapXXXlJ.</span> <span class='ocrx_word' id='word_1_425' title='bbox 988 3357 1014 3427; x_wconf 92' lang='lat'>1)</span> <span class='ocrx_word' id='word_1_426' title='bbox 1036 3365 1078 3428; x_wconf 75' lang='grc' dir='ltr'>εἴη</span> <span class='ocrx_word' id='word_1_427' title='bbox 1099 3377 1196 3442; x_wconf 68' lang='lat' dir='ltr'>erasum</span> <span class='ocrx_word' id='word_1_428' title='bbox 1214 3363 1287 3412; x_wconf 88' lang='lat' dir='ltr'>inD.</span> 
     </span>
     <span class='ocr_line' id='line_1_42' title="bbox 102 3423 1285 3497; baseline 0 -19"><span class='ocrx_word' id='word_1_429' title='bbox 102 3429 177 3479; x_wconf 88' lang='lat' dir='ltr'>Hom.</span> <span class='ocrx_word' id='word_1_430' title='bbox 193 3429 211 3480; x_wconf 94' lang='lat' dir='ltr'>l.</span> <span class='ocrx_word' id='word_1_431' title='bbox 228 3445 259 3492; x_wconf 88' lang='lat' dir='ltr'>c.,</span> <span class='ocrx_word' id='word_1_432' title='bbox 276 3434 363 3480; x_wconf 87' lang='lat' dir='ltr'>nostra</span> <span class='ocrx_word' id='word_1_433' title='bbox 379 3431 449 3496; x_wconf 82' lang='lat' dir='ltr'>Eprt.</span> <span class='ocrx_word' id='word_1_434' title='bbox 468 3434 493 3479; x_wconf 90' lang='lat' dir='ltr'>ot</span> <span class='ocrx_word' id='word_1_435' title='bbox 509 3430 540 3480; x_wconf 88' lang='lat' dir='ltr'>al.</span> <span class='ocrx_word' id='word_1_436' title='bbox 558 3445 597 3497; x_wconf 89' lang='lat' dir='ltr'>ap.</span> <span class='ocrx_word' id='word_1_437' title='bbox 617 3430 671 3480; x_wconf 81' lang='lat' dir='ltr'>Cot.</span> <span class='ocrx_word' id='word_1_438' title='bbox 715 3423 787 3478; x_wconf 88' lang='lat' dir='ltr'>Idem</span> <span class='ocrx_word' id='word_1_439' title='bbox 800 3432 869 3496; x_wconf 85' lang='grc' dir='ltr'><strong><em>ημῖν</em></strong></span> <span class='ocrx_word' id='word_1_440' title='bbox 880 3445 905 3494; x_wconf 92' lang='lat' dir='ltr'>p.</span> <span class='ocrx_word' id='word_1_441' title='bbox 919 3433 994 3497; x_wconf 86' lang='grc' dir='ltr'><strong><em>υμῖν.</em></strong></span> <span class='ocrx_word' id='word_1_442' title='bbox 1012 3456 1046 3464; x_wconf 90' lang='grc'><strong>-</strong></span> <span class='ocrx_word' id='word_1_443' title='bbox 1065 3426 1093 3495; x_wconf 76' lang='grc'>2)</span> <span class='ocrx_word' id='word_1_444' title='bbox 1112 3445 1127 3479; x_wconf 94' lang='grc' dir='ltr'><strong><em>ο</em></strong></span> <span class='ocrx_word' id='word_1_445' title='bbox 1142 3445 1190 3478; x_wconf 86' lang='lat' dir='ltr'>om.</span> <span class='ocrx_word' id='word_1_446' title='bbox 1207 3430 1238 3478; x_wconf 93' lang='lat' dir='ltr'>D.</span> <span class='ocrx_word' id='word_1_447' title='bbox 1250 3456 1285 3464; x_wconf 94' lang='lat'>-</span> 
     </span>
    </p>
   </div>
   <div class='ocr_carea' id='block_1_6' title="bbox 104 3491 1286 3631">
    <p class='ocr_par' dir='ltr' id='par_1_7' title="bbox 104 3491 1286 3631">
     <span class='ocr_line' id='line_1_43' title="bbox 104 3491 1286 3614; baseline 0 -68"><span class='ocrx_word' id='word_1_448' title='bbox 104 3496 135 3546; x_wconf 92' lang='lat' dir='ltr'>In</span> <span class='ocrx_word' id='word_1_449' title='bbox 154 3497 231 3547; x_wconf 87' lang='lat' dir='ltr'>Hom.</span> <span class='ocrx_word' id='word_1_450' title='bbox 256 3502 281 3548; x_wconf 92' lang='lat' dir='ltr'>et</span> <span class='ocrx_word' id='word_1_451' title='bbox 304 3503 389 3548; x_wconf 88' lang='lat' dir='ltr'>nostra</span> <span class='ocrx_word' id='word_1_452' title='bbox 412 3497 476 3614; x_wconf 70' lang='lat' dir='ltr'>Epit</span> <span class='ocrx_word' id='word_1_453' title='bbox 513 3501 551 3548; x_wconf 82' lang='lat' dir='ltr'>cst</span> <span class='ocrx_word' id='word_1_454' title='bbox 572 3497 673 3563; x_wconf 87' lang='lat' dir='ltr'>quidem</span> <span class='ocrx_word' id='word_1_455' title='bbox 715 3491 743 3562; x_wconf 87' lang='lat'>3)</span> <span class='ocrx_word' id='word_1_456' title='bbox 763 3493 813 3547; x_wconf 77' lang='grc' dir='ltr'>τοῦ</span> <span class='ocrx_word' id='word_1_457' title='bbox 831 3495 902 3548; x_wconf 74' lang='grc' dir='ltr'>θεοῦ</span> <span class='ocrx_word' id='word_1_458' title='bbox 918 3494 969 3546; x_wconf 81' lang='grc' dir='ltr'>τοῦ</span> <span class='ocrx_word' id='word_1_459' title='bbox 989 3495 1092 3555; x_wconf 78' lang='grc' dir='ltr'><strong><em>ζῶντος</em></strong></span> <span class='ocrx_word' id='word_1_460' title='bbox 1111 3499 1134 3546; x_wconf 80' lang='grc' dir='ltr'>Α</span> <span class='ocrx_word' id='word_1_461' title='bbox 1154 3500 1182 3549; x_wconf 91' lang='lat' dir='ltr'>ut</span> <span class='ocrx_word' id='word_1_462' title='bbox 1198 3501 1286 3546; x_wconf 87' lang='lat' dir='ltr'>nostra</span> 
     </span>
     <span class='ocr_line' id='line_1_44' title="bbox 482 3559 1284 3631; baseline 0 -15"><span class='ocrx_word' id='word_1_463' title='bbox 482 3559 515 3616; x_wconf 82' lang='grc' dir='ltr'>τά</span> <span class='ocrx_word' id='word_1_464' title='bbox 532 3581 580 3615; x_wconf 91' lang='lat' dir='ltr'>om.</span> <span class='ocrx_word' id='word_1_465' title='bbox 596 3568 625 3616; x_wconf 85' lang='lat' dir='ltr'>A.</span> <span class='ocrx_word' id='word_1_466' title='bbox 639 3593 673 3601; x_wconf 90' lang='lat'>—</span> <span class='ocrx_word' id='word_1_467' title='bbox 714 3563 786 3631; x_wconf 84' lang='lat' dir='ltr'>Epit</span> <span class='ocrx_word' id='word_1_468' title='bbox 808 3565 853 3614; x_wconf 82' lang='lat' dir='ltr'>cfr.</span> <span class='ocrx_word' id='word_1_469' title='bbox 873 3564 963 3614; x_wconf 87' lang='lat' dir='ltr'>Matth.</span> <span class='ocrx_word' id='word_1_470' title='bbox 983 3560 1023 3628; x_wconf 88' lang='lat'>10,</span> <span class='ocrx_word' id='word_1_471' title='bbox 1042 3561 1082 3615; x_wconf 80' lang='lat'>12.</span> <span class='ocrx_word' id='word_1_472' title='bbox 1110 3565 1188 3614; x_wconf 89' lang='lat' dir='ltr'>Marc.</span> <span class='ocrx_word' id='word_1_473' title='bbox 1206 3560 1284 3628; x_wconf 88' lang='lat'>6,11.</span> 
     </span>
    </p>
   </div>
   <div class='ocr_carea' id='block_1_7' title="bbox 100 3559 1287 4444">
    <p class='ocr_par' dir='ltr' id='par_1_8' title="bbox 100 3559 1287 3976">
     <span class='ocr_line' id='line_1_45' title="bbox 106 3559 464 3632; baseline 0.006 -17"><span class='ocrx_word' id='word_1_474' title='bbox 106 3559 200 3617; x_wconf 78' lang='grc' dir='ltr'><strong><em>αὐτῶν</em></strong></span> <span class='ocrx_word' id='word_1_475' title='bbox 217 3559 365 3632; x_wconf 79' lang='grc' dir='ltr'><strong><em>λεγόντων.</em></strong></span> <span class='ocrx_word' id='word_1_476' title='bbox 385 3593 420 3601; x_wconf 88' lang='grc'><strong>-</strong></span> <span class='ocrx_word' id='word_1_477' title='bbox 454 3559 464 3631; x_wconf 91' lang='grc'>)</span> 
     </span>
     <span class='ocr_line' id='line_1_46' title="bbox 102 3627 1284 3701; baseline 0.002 -19"><span class='ocrx_word' id='word_1_478' title='bbox 102 3629 129 3699; x_wconf 81' lang='grc'>7)</span> <span class='ocrx_word' id='word_1_479' title='bbox 140 3627 423 3701; x_wconf 77' lang='grc' dir='ltr'>παρόντεςιοοορίπιιιο</span> <span class='ocrx_word' id='word_1_480' title='bbox 431 3633 670 3695; x_wconf 82' lang='lat' dir='ltr'>cumABOD,Horn.</span> <span class='ocrx_word' id='word_1_481' title='bbox 715 3633 777 3682; x_wconf 89' lang='lat' dir='ltr'>Luc.</span> <span class='ocrx_word' id='word_1_482' title='bbox 792 3629 833 3696; x_wconf 92' lang='lat'>10,</span> <span class='ocrx_word' id='word_1_483' title='bbox 848 3629 872 3684; x_wconf 84' lang='lat'>5.</span> <span class='ocrx_word' id='word_1_484' title='bbox 884 3659 918 3668; x_wconf 91' lang='lat'><strong>—</strong></span> <span class='ocrx_word' id='word_1_485' title='bbox 930 3627 959 3700; x_wconf 89' lang='grc'>4)</span> <span class='ocrx_word' id='word_1_486' title='bbox 970 3632 1012 3682; x_wconf 90' lang='lat' dir='ltr'>Sic</span> <span class='ocrx_word' id='word_1_487' title='bbox 1023 3633 1139 3696; x_wconf 85' lang='lat' dir='ltr'>ABGD,</span> <span class='ocrx_word' id='word_1_488' title='bbox 1153 3633 1227 3683; x_wconf 89' lang='lat' dir='ltr'>Hom.</span> <span class='ocrx_word' id='word_1_489' title='bbox 1237 3633 1284 3695; x_wconf 90' lang='grc' dir='ltr'>ΙΠ,</span> 
     </span>
     <span class='ocr_line' id='line_1_47' title="bbox 100 3693 1284 3772; baseline 0.003 -23"><span class='ocrx_word' id='word_1_490' title='bbox 100 3701 117 3750; x_wconf 87' lang='lat' dir='ltr'>l.</span> <span class='ocrx_word' id='word_1_491' title='bbox 131 3715 162 3764; x_wconf 82' lang='lat' dir='ltr'>c,</span> <span class='ocrx_word' id='word_1_492' title='bbox 178 3705 267 3750; x_wconf 85' lang='lat' dir='ltr'>nostra</span> <span class='ocrx_word' id='word_1_493' title='bbox 278 3701 348 3768; x_wconf 87' lang='lat' dir='ltr'>Epit.</span> <span class='ocrx_word' id='word_1_494' title='bbox 361 3705 386 3751; x_wconf 92' lang='lat' dir='ltr'>et</span> <span class='ocrx_word' id='word_1_495' title='bbox 395 3702 426 3750; x_wconf 83' lang='lat' dir='ltr'>al.</span> <span class='ocrx_word' id='word_1_496' title='bbox 437 3715 476 3766; x_wconf 88' lang='lat' dir='ltr'>ap.</span> <span class='ocrx_word' id='word_1_497' title='bbox 488 3701 541 3750; x_wconf 81' lang='lat' dir='ltr'>Cot.</span> <span class='ocrx_word' id='word_1_498' title='bbox 553 3701 672 3751; x_wconf 90' lang='lat' dir='ltr'>Ordinem</span> <span class='ocrx_word' id='word_1_499' title='bbox 715 3697 749 3750; x_wconf 85' lang='lat'>30</span> <span class='ocrx_word' id='word_1_500' title='bbox 761 3705 786 3750; x_wconf 88' lang='lat' dir='ltr'>et</span> <span class='ocrx_word' id='word_1_501' title='bbox 797 3704 884 3750; x_wconf 87' lang='lat' dir='ltr'>nostra</span> <span class='ocrx_word' id='word_1_502' title='bbox 896 3701 974 3767; x_wconf 77' lang='lat' dir='ltr'>Epic,</span> <span class='ocrx_word' id='word_1_503' title='bbox 989 3693 1056 3772; x_wconf 75' lang='grc' dir='ltr'>τιςῇ</span> <span class='ocrx_word' id='word_1_504' title='bbox 1069 3703 1137 3765; x_wconf 77' lang='lat' dir='ltr'>vulg.</span> <span class='ocrx_word' id='word_1_505' title='bbox 1148 3728 1183 3738; x_wconf 93' lang='lat'>—-</span> <span class='ocrx_word' id='word_1_506' title='bbox 1194 3697 1223 3769; x_wconf 84' lang='lat'>5)</span> <span class='ocrx_word' id='word_1_507' title='bbox 1235 3719 1284 3753; x_wconf 78' lang='grc' dir='ltr'>κα-</span> 
     </span>
     <span class='ocr_line' id='line_1_48' title="bbox 101 3762 1284 3839; baseline 0.005 -23"><span class='ocrx_word' id='word_1_508' title='bbox 101 3783 158 3818; x_wconf 81' lang='lat' dir='ltr'>vero</span> <span class='ocrx_word' id='word_1_509' title='bbox 173 3783 243 3818; x_wconf 84' lang='lat' dir='ltr'>voco.</span> <span class='ocrx_word' id='word_1_510' title='bbox 257 3767 295 3817; x_wconf 88' lang='lat' dir='ltr'>sic</span> <span class='ocrx_word' id='word_1_511' title='bbox 311 3765 474 3828; x_wconf 80' lang='lat' dir='ltr'>mutaverim:</span> <span class='ocrx_word' id='word_1_512' title='bbox 497 3763 673 3837; x_wconf 75' lang='grc' dir='ltr'><strong><em>ἐμαρτύρουν</em></strong></span> <span class='ocrx_word' id='word_1_513' title='bbox 716 3762 828 3834; x_wconf 74' lang='grc' dir='ltr'>ταλάβοι</span> <span class='ocrx_word' id='word_1_514' title='bbox 840 3768 868 3819; x_wconf 83' lang='lat' dir='ltr'>C.</span> <span class='ocrx_word' id='word_1_515' title='bbox 884 3795 918 3804; x_wconf 92' lang='lat'>-</span> <span class='ocrx_word' id='word_1_516' title='bbox 935 3764 962 3835; x_wconf 86' lang='grc'>6)</span> <span class='ocrx_word' id='word_1_517' title='bbox 976 3765 1044 3820; x_wconf 67' lang='lat' dir='ltr'>anto</span> <span class='ocrx_word' id='word_1_518' title='bbox 1070 3786 1100 3822; x_wconf 79' lang='grc' dir='ltr'>εν</span> <span class='ocrx_word' id='word_1_519' title='bbox 1112 3772 1142 3832; x_wconf 83' lang='grc' dir='ltr'>Β,</span> <span class='ocrx_word' id='word_1_520' title='bbox 1155 3765 1284 3839; x_wconf 81' lang='grc' dir='ltr'>ἆπιώμε-</span> 
     </span>
     <span class='ocr_line' id='line_1_49' title="bbox 101 3829 1287 3902; baseline 0.003 -17"><span class='ocrx_word' id='word_1_521' title='bbox 101 3832 132 3886; x_wconf 76' lang='grc' dir='ltr'>δὲ</span> <span class='ocrx_word' id='word_1_522' title='bbox 152 3830 234 3886; x_wconf 79' lang='grc' dir='ltr'><strong><em>αὐτοὶ</em></strong></span> <span class='ocrx_word' id='word_1_523' title='bbox 252 3830 388 3898; x_wconf 78' lang='grc' dir='ltr'>παρόντες</span> <span class='ocrx_word' id='word_1_524' title='bbox 412 3829 445 3887; x_wconf 77' lang='grc' dir='ltr'>τὰ</span> <span class='ocrx_word' id='word_1_525' title='bbox 466 3834 580 3888; x_wconf 79' lang='grc' dir='ltr'>τοιαῦτα</span> <span class='ocrx_word' id='word_1_526' title='bbox 593 3837 671 3888; x_wconf 80' lang='lat' dir='ltr'>loro·</span> <span class='ocrx_word' id='word_1_527' title='bbox 715 3851 760 3887; x_wconf 82' lang='grc' dir='ltr'>νοι</span> <span class='ocrx_word' id='word_1_528' title='bbox 777 3836 808 3887; x_wconf 85' lang='lat' dir='ltr'>al.</span> <span class='ocrx_word' id='word_1_529' title='bbox 826 3851 866 3902; x_wconf 90' lang='lat' dir='ltr'>ap.</span> <span class='ocrx_word' id='word_1_530' title='bbox 881 3837 934 3886; x_wconf 82' lang='lat' dir='ltr'>Oct.</span> <span class='ocrx_word' id='word_1_531' title='bbox 955 3837 1037 3888; x_wconf 87' lang='lat' dir='ltr'>Subin</span> <span class='ocrx_word' id='word_1_532' title='bbox 1056 3853 1069 3887; x_wconf 89' lang='lat' dir='ltr'>e</span> <span class='ocrx_word' id='word_1_533' title='bbox 1087 3840 1190 3896; x_wconf 73' lang='grc' dir='ltr'><strong><em>οἰκείας</em></strong></span> <span class='ocrx_word' id='word_1_534' title='bbox 1205 3839 1235 3888; x_wconf 83' lang='lat' dir='ltr'>A.</span> <span class='ocrx_word' id='word_1_535' title='bbox 1253 3865 1287 3874; x_wconf 91' lang='lat'><em>-</em></span> 
     </span>
     <span class='ocr_line' id='line_1_50' title="bbox 101 3898 1287 3976; baseline 0 -22"><span class='ocrx_word' id='word_1_536' title='bbox 101 3903 221 3970; x_wconf 79' lang='grc' dir='ltr'>ρηκέναι.</span> <span class='ocrx_word' id='word_1_537' title='bbox 231 3901 283 3953; x_wconf 78' lang='lat' dir='ltr'>Gir.</span> <span class='ocrx_word' id='word_1_538' title='bbox 293 3905 369 3954; x_wconf 90' lang='lat' dir='ltr'>Hom.</span> <span class='ocrx_word' id='word_1_539' title='bbox 379 3903 414 3966; x_wconf 91' lang='grc' dir='ltr'>Π,</span> <span class='ocrx_word' id='word_1_540' title='bbox 423 3898 457 3952; x_wconf 79' lang='lat'>32</span> <span class='ocrx_word' id='word_1_541' title='bbox 466 3907 578 3953; x_wconf 88' lang='lat' dir='ltr'>nostram</span> <span class='ocrx_word' id='word_1_542' title='bbox 588 3899 670 3954; x_wconf 73' lang='lat' dir='ltr'>notd.</span> <span class='ocrx_word' id='word_1_543' title='bbox 716 3900 731 3953; x_wconf 79' lang='lat'>7</span> <span class='ocrx_word' id='word_1_544' title='bbox 754 3905 880 3976; x_wconf 77' lang='grc' dir='ltr'><strong><em>λέγωμεν</em></strong></span> <span class='ocrx_word' id='word_1_545' title='bbox 890 3905 921 3966; x_wconf 82' lang='grc' dir='ltr'>Δ,</span> <span class='ocrx_word' id='word_1_546' title='bbox 933 3904 1054 3975; x_wconf 71' lang='grc' dir='ltr'><strong><em>λέγομεν</em></strong></span> <span class='ocrx_word' id='word_1_547' title='bbox 1070 3902 1138 3976; x_wconf 84' lang='grc' dir='ltr'><strong><em>ὑμῖν</em></strong></span> <span class='ocrx_word' id='word_1_548' title='bbox 1150 3906 1200 3956; x_wconf 83' lang='lat' dir='ltr'>inv.</span> <span class='ocrx_word' id='word_1_549' title='bbox 1214 3907 1243 3954; x_wconf 89' lang='lat' dir='ltr'>B.</span> <span class='ocrx_word' id='word_1_550' title='bbox 1252 3933 1287 3941; x_wconf 93' lang='lat'><em>-</em></span> 
     </span>
    </p>

    <p class='ocr_par' dir='ltr' id='par_1_9' title="bbox 101 3965 1287 4444">
     <span class='ocr_line' id='line_1_51' title="bbox 151 3965 1287 4039; baseline 0.001 -18"><span class='ocrx_word' id='word_1_551' title='bbox 151 3971 212 4036; x_wconf 80' lang='lat' dir='ltr'>Gap.</span> <span class='ocrx_word' id='word_1_552' title='bbox 236 3971 363 4023; x_wconf 81' lang='lat' dir='ltr'>XXXIV.</span> <span class='ocrx_word' id='word_1_553' title='bbox 397 3966 425 4038; x_wconf 96' lang='grc'>1)</span> <span class='ocrx_word' id='word_1_554' title='bbox 453 3965 541 4029; x_wconf 84' lang='grc' dir='ltr'><strong><em>οὕτως</em></strong></span> <span class='ocrx_word' id='word_1_555' title='bbox 574 3971 620 4022; x_wconf 79' lang='lat' dir='ltr'>OD</span> <span class='ocrx_word' id='word_1_556' title='bbox 644 3976 673 4021; x_wconf 90' lang='lat' dir='ltr'>nt</span> <span class='ocrx_word' id='word_1_557' title='bbox 714 3967 730 4018; x_wconf 88' lang='grc'>8</span> <span class='ocrx_word' id='word_1_558' title='bbox 759 3966 1081 4039; x_wconf 76' lang='grc' dir='ltr'>ἄνεκιότερόνέσιιΒΙ).</span> <span class='ocrx_word' id='word_1_559' title='bbox 1098 4001 1132 4009; x_wconf 94' lang='grc'><strong>-</strong></span> <span class='ocrx_word' id='word_1_560' title='bbox 1149 3966 1287 4038; x_wconf 62' lang='lat' dir='ltr'>&amp;liwir</span> 
     </span>
     <span class='ocr_line' id='line_1_52' title="bbox 103 4031 1285 4108; baseline 0.001 -21"><span class='ocrx_word' id='word_1_561' title='bbox 103 4037 177 4088; x_wconf 81' lang='lat' dir='ltr'>Hom.</span> <span class='ocrx_word' id='word_1_562' title='bbox 190 4038 225 4100; x_wconf 87' lang='lat'>11,</span> <span class='ocrx_word' id='word_1_563' title='bbox 235 4035 269 4088; x_wconf 89' lang='grc'>33</span> <span class='ocrx_word' id='word_1_564' title='bbox 279 4039 441 4090; x_wconf 84' lang='lat' dir='ltr'>etVnostrae</span> <span class='ocrx_word' id='word_1_565' title='bbox 450 4039 521 4106; x_wconf 80' lang='lat' dir='ltr'>Epit.</span> <span class='ocrx_word' id='word_1_566' title='bbox 531 4065 566 4074; x_wconf 92' lang='lat'><em>-</em></span> <span class='ocrx_word' id='word_1_567' title='bbox 577 4035 603 4100; x_wconf 81' lang='lat'>2)</span> <span class='ocrx_word' id='word_1_568' title='bbox 617 4056 672 4089; x_wconf 83' lang='lat' dir='ltr'>no·</span> <span class='ocrx_word' id='word_1_569' title='bbox 713 4033 753 4104; x_wconf 83' lang='grc' dir='ltr'>μὴ</span> <span class='ocrx_word' id='word_1_570' title='bbox 774 4038 1006 4108; x_wconf 75' lang='grc' dir='ltr'><strong><em>καταδεξαμένοις</em></strong></span> <span class='ocrx_word' id='word_1_571' title='bbox 1028 4035 1060 4090; x_wconf 82' lang='grc' dir='ltr'>τὸ</span> <span class='ocrx_word' id='word_1_572' title='bbox 1079 4034 1219 4106; x_wconf 84' lang='grc' dir='ltr'>σωτήριον</span> <span class='ocrx_word' id='word_1_573' title='bbox 1235 4031 1285 4103; x_wconf 82' lang='grc' dir='ltr'><strong><em>κη’-</em></strong></span> 
     </span>
     <span class='ocr_line' id='line_1_53' title="bbox 102 4099 1285 4186; baseline -0.001 -31"><span class='ocrx_word' id='word_1_574' title='bbox 102 4100 239 4186; x_wconf 58' lang='grc' dir='ltr'>λιμᾶρχης</span> <span class='ocrx_word' id='word_1_575' title='bbox 259 4111 285 4156; x_wconf 84' lang='lat' dir='ltr'>at</span> <span class='ocrx_word' id='word_1_576' title='bbox 303 4106 448 4174; x_wconf 76' lang='grc' dir='ltr'><strong><em>ταξίαρχος</em></strong></span> <span class='ocrx_word' id='word_1_577' title='bbox 463 4107 495 4157; x_wconf 84' lang='lat' dir='ltr'>al.</span> <span class='ocrx_word' id='word_1_578' title='bbox 513 4122 528 4156; x_wconf 84' lang='lat' dir='ltr'>a</span> <span class='ocrx_word' id='word_1_579' title='bbox 548 4144 552 4154; x_wconf 94' lang='lat'>.</span> <span class='ocrx_word' id='word_1_580' title='bbox 572 4107 625 4157; x_wconf 79' lang='lat' dir='ltr'>Cot.</span> <span class='ocrx_word' id='word_1_581' title='bbox 638 4134 673 4142; x_wconf 91' lang='lat'>—</span> <span class='ocrx_word' id='word_1_582' title='bbox 714 4122 807 4174; x_wconf 80' lang='grc' dir='ltr'><strong><em>ρυγμα</em></strong></span> <span class='ocrx_word' id='word_1_583' title='bbox 827 4125 852 4174; x_wconf 90' lang='lat' dir='ltr'>p.</span> <span class='ocrx_word' id='word_1_584' title='bbox 876 4101 894 4172; x_wconf 80' lang='grc' dir='ltr'>ἢ</span> <span class='ocrx_word' id='word_1_585' title='bbox 917 4106 955 4173; x_wconf 81' lang='grc' dir='ltr'>τῴ</span> <span class='ocrx_word' id='word_1_586' title='bbox 977 4107 1026 4173; x_wconf 78' lang='grc' dir='ltr'>τῆς</span> <span class='ocrx_word' id='word_1_587' title='bbox 1044 4103 1184 4172; x_wconf 60' lang='lat' dir='ltr'>ductrice</span> <span class='ocrx_word' id='word_1_588' title='bbox 1205 4099 1285 4172; x_wconf 81' lang='grc' dir='ltr'>τόπῳ</span> 
     </span>
     <span class='ocr_line' id='line_1_54' title="bbox 101 4123 1285 4243; baseline 0.003 -22"><span class='ocrx_word' id='word_1_589' title='bbox 101 4169 118 4221; x_wconf 91' lang='grc'><strong>3</strong></span> <span class='ocrx_word' id='word_1_590' title='bbox 143 4190 229 4225; x_wconf 80' lang='grc' dir='ltr'><strong><em>ταυτα</em></strong></span> <span class='ocrx_word' id='word_1_591' title='bbox 238 4173 381 4240; x_wconf 86' lang='lat' dir='ltr'>deprompsi</span> <span class='ocrx_word' id='word_1_592' title='bbox 391 4190 421 4225; x_wconf 89' lang='lat' dir='ltr'>ex</span> <span class='ocrx_word' id='word_1_593' title='bbox 430 4123 545 4242; x_wconf 73' lang='grc' dir='ltr'>Δ,-4)</span> <span class='ocrx_word' id='word_1_594' title='bbox 555 4175 672 4243; x_wconf 80' lang='grc' dir='ltr'>μεΙ).-</span> <span class='ocrx_word' id='word_1_595' title='bbox 714 4173 900 4241; x_wconf 75' lang='grc' dir='ltr'>ἐνδιατρίβειν</span> <span class='ocrx_word' id='word_1_596' title='bbox 911 4175 1012 4225; x_wconf 85' lang='lat' dir='ltr'>exhibet</span> <span class='ocrx_word' id='word_1_597' title='bbox 1023 4176 1052 4223; x_wconf 83' lang='lat' dir='ltr'>A.</span> <span class='ocrx_word' id='word_1_598' title='bbox 1065 4199 1099 4208; x_wconf 93' lang='lat'>-</span> <span class='ocrx_word' id='word_1_599' title='bbox 1120 4168 1163 4240; x_wconf 90' lang='grc'>10)</span> <span class='ocrx_word' id='word_1_600' title='bbox 1178 4167 1285 4224; x_wconf 76' lang='grc' dir='ltr'>ὅτιόιιι.</span> 
     </span>
     <span class='ocr_line' id='line_1_55' title="bbox 104 4234 1285 4311; baseline 0.003 -21"><span class='ocrx_word' id='word_1_601' title='bbox 104 4237 121 4290; x_wconf 82' lang='grc'>5</span> <span class='ocrx_word' id='word_1_602' title='bbox 143 4236 245 4311; x_wconf 77' lang='grc' dir='ltr'>μικρὸν</span> <span class='ocrx_word' id='word_1_603' title='bbox 257 4241 360 4292; x_wconf 83' lang='lat' dir='ltr'>adiunxi</span> <span class='ocrx_word' id='word_1_604' title='bbox 375 4259 406 4293; x_wconf 87' lang='lat' dir='ltr'>ox</span> <span class='ocrx_word' id='word_1_605' title='bbox 421 4242 525 4292; x_wconf 79' lang='lat' dir='ltr'><strong>ABOD</strong></span> <span class='ocrx_word' id='word_1_606' title='bbox 543 4247 569 4291; x_wconf 87' lang='lat' dir='ltr'>et</span> <span class='ocrx_word' id='word_1_607' title='bbox 586 4242 617 4292; x_wconf 85' lang='lat' dir='ltr'>al.</span> <span class='ocrx_word' id='word_1_608' title='bbox 631 4258 671 4309; x_wconf 86' lang='lat' dir='ltr'>ap.</span> <span class='ocrx_word' id='word_1_609' title='bbox 714 4243 741 4294; x_wconf 82' lang='lat'>0.</span> <span class='ocrx_word' id='word_1_610' title='bbox 751 4269 784 4278; x_wconf 87' lang='lat'><em>-</em></span> <span class='ocrx_word' id='word_1_611' title='bbox 795 4238 839 4308; x_wconf 92' lang='grc'>11)</span> <span class='ocrx_word' id='word_1_612' title='bbox 852 4241 883 4293; x_wconf 79' lang='grc' dir='ltr'>δὲ</span> <span class='ocrx_word' id='word_1_613' title='bbox 895 4243 985 4292; x_wconf 82' lang='lat' dir='ltr'>inserit</span> <span class='ocrx_word' id='word_1_614' title='bbox 993 4244 1066 4292; x_wconf 80' lang='lat' dir='ltr'>A.-</span> <span class='ocrx_word' id='word_1_615' title='bbox 1080 4235 1124 4308; x_wconf 79' lang='lat'>12)</span> <span class='ocrx_word' id='word_1_616' title='bbox 1138 4234 1285 4310; x_wconf 83' lang='grc' dir='ltr'><strong><em>εὐχόμενοι</em></strong></span> 
     </span>
     <span class='ocr_line' id='line_1_56' title="bbox 102 4302 1287 4380; baseline 0.003 -23"><span class='ocrx_word' id='word_1_617' title='bbox 102 4303 672 4375; x_wconf 69' lang='lat' dir='ltr'>cot.-6)test;13ufflom.111‚290t</span> <span class='ocrx_word' id='word_1_618' title='bbox 713 4311 744 4360; x_wconf 92' lang='lat' dir='ltr'>D.</span> <span class='ocrx_word' id='word_1_619' title='bbox 762 4337 797 4347; x_wconf 91' lang='lat'>-·</span> <span class='ocrx_word' id='word_1_620' title='bbox 815 4305 859 4376; x_wconf 88' lang='grc'>13)</span> <span class='ocrx_word' id='word_1_621' title='bbox 877 4304 956 4377; x_wconf 79' lang='grc' dir='ltr'><strong><em>ὑμῶν</em></strong></span> <span class='ocrx_word' id='word_1_622' title='bbox 977 4311 1005 4359; x_wconf 82' lang='grc' dir='ltr'>Α.</span> <span class='ocrx_word' id='word_1_623' title='bbox 1023 4335 1057 4344; x_wconf 96' lang='grc'><strong>-</strong></span> <span class='ocrx_word' id='word_1_624' title='bbox 1078 4302 1122 4376; x_wconf 87' lang='grc'>14)</span> <span class='ocrx_word' id='word_1_625' title='bbox 1142 4303 1189 4379; x_wconf 80' lang='grc' dir='ltr'>ὑφ’</span> <span class='ocrx_word' id='word_1_626' title='bbox 1212 4305 1287 4380; x_wconf 76' lang='grc' dir='ltr'>ὑμᾶς</span> 
     </span>
     <span class='ocr_line' id='line_1_57' title="bbox 102 4371 1131 4444; baseline 0.005 -20"><span class='ocrx_word' id='word_1_627' title='bbox 102 4381 188 4428; x_wconf 84' lang='lat' dir='ltr'>nostra</span> <span class='ocrx_word' id='word_1_628' title='bbox 204 4377 276 4444; x_wconf 82' lang='lat' dir='ltr'>Epit.</span> <span class='ocrx_word' id='word_1_629' title='bbox 293 4371 575 4444; x_wconf 78' lang='grc' dir='ltr'>-1)ἀνεκλαλη’τοις</span> <span class='ocrx_word' id='word_1_630' title='bbox 592 4376 620 4428; x_wconf 85' lang='lat' dir='ltr'>G.</span> <span class='ocrx_word' id='word_1_631' title='bbox 712 4377 788 4428; x_wconf 79' lang='lat' dir='ltr'>Turn.</span> <span class='ocrx_word' id='word_1_632' title='bbox 800 4404 835 4414; x_wconf 91' lang='lat'><em>-</em></span> <span class='ocrx_word' id='word_1_633' title='bbox 851 4371 894 4443; x_wconf 84' lang='grc'>15)</span> <span class='ocrx_word' id='word_1_634' title='bbox 907 4377 954 4428; x_wconf 78' lang='grc' dir='ltr'>ἵνα</span> <span class='ocrx_word' id='word_1_635' title='bbox 966 4371 1090 4444; x_wconf 72' lang='grc' dir='ltr'>εὐσεβῶς</span> <span class='ocrx_word' id='word_1_636' title='bbox 1100 4379 1131 4429; x_wconf 78' lang='grc' dir='ltr'>Δ.</span> 
     </span>
    </p>
   </div>
   <div class='ocr_carea' id='block_1_8' title="bbox 0 0 1562 4896">
    <p class='ocr_par' dir='ltr' id='par_1_10' title="bbox 0 0 1562 4896">
     <span class='ocr_line' id='line_1_58' title="bbox 0 0 1562 4896; baseline 0 0"><span class='ocrx_word' id='word_1_637' title='bbox 0 0 1562 4896; x_wconf 95' lang='lat' dir='ltr'> </span> 
     </span>
    </p>
   </div>
  </div>
 </body>
</html>
