3126 4894
580 296 896 348 anrounsnrsns.
1261 281 1320 348 127

143 441 212 497 odio
227 441 365 514 persequi
383 459 447 509 eos,
469 441 518 513 qui
533 449 705 497 mortuorum
721 443 830 498 animas
847 461 865 498 a
881 442 1045 515 corporibus
1058 444 1167 500 solutas
1180 445 1323 504 divexant.

143 509 256 574 Quibus
274 528 331 582 ego
348 509 456 564 auditis
475 510 590 592 segnior
608 511 722 580 quidem
740 512 778 565 ad
794 511 865 564 illud
877 511 1101 583 aggrediendum
1114 512 1208 567 factus
1221 531 1291 582 sum,
1304 533 1322 570 a

143 579 268 633 consilio
280 585 379 632 tamen
410 577 468 632 uod
480 577 563 632 initio
577 595 707 650 ceperam
718 597 775 634 non
788 580 903 646 destiti,
922 579 973 634 sed
989 580 1068 633 velut
1084 597 1102 634 a
1119 580 1255 636 desiderii
1270 583 1320 637 im·

142 653 215 715 petn
227 646 387 716 impeditus
420 645 540 700 olebam.

214 715 266 768 VI.
300 713 346 768 Ac
358 731 395 768 ne
408 713 438 766 in
450 713 515 768 istis
529 713 581 768 tibi
595 714 759 768 enarrandis
772 716 818 769 lon
843 714 884 770 ior
896 715 959 780 sim,
973 732 1036 769 cum
1049 715 1078 770 in
1091 715 1230 770 eiusmodi
1243 717 1321 790 cogi·

47 841 63 858 .
141 783 306 836 tationibus
324 791 411 852 atque
427 782 553 852 negotiis
570 799 624 852 ego
637 798 775 850 versarer,
790 733 907 837 Tiberio
921 781 1042 838 Caesare
1054 784 1227 864 Imperatore
1244 785 1320 842 fama

141 851 287 970 {uaedam
299 867 318 903 a
328 867 416 903 verno
427 855 553 919 tempore
567 849 674 902 sensim
686 858 748 904 orta
761 851 850 906 crevit
861 851 996 920 undique,
1015 858 1044 906 et
1057 858 1101 906 uti
1118 869 1216 906 revera
1227 853 1319 907 bonus

173 919 202 972 ei
215 917 339 972 nuncius
351 917 486 970 mundum
498 918 671 989 peragravit,
685 935 757 986 quae
769 919 827 972 Dei
838 919 1013 972 voluntatem
1026 920 1142 975 silentio
1151 926 1250 992 tegere
1262 939 1320 976 non

141 986 318 1056 patiebatur.
354 983 468 1054 Ubique
481 985 571 1056 igitur
587 985 707 1055 amplior
724 993 753 1039 et
769 986 858 1041 maior
874 985 963 1041 fiebat
979 987 1121 1043 referens:
1141 987 1196 1054 „In
1211 987 1319 1045 Iudaea

142 1053 276 1123 qnidam,
289 1052 431 1124 principio
445 1059 557 1122 sumpto
574 1071 591 1107 a
607 1070 694 1107 verno
710 1059 850 1124 tempore,
868 1054 977 1108 aeterni
993 1055 1051 1110 Dei
1067 1074 1187 1128 regnum
1203 1056 1319 1112 Iudaeis

141 1121 318 1186 annunciat,
337 1121 414 1190 quod
430 1120 485 1173 frui
503 1123 589 1175 licere
608 1121 692 1187 dicit,
716 1122 740 1174 si
760 1123 822 1192 quis
839 1130 917 1177 recte
935 1129 1020 1192 atque
1038 1124 1186 1178 emendate
1203 1125 1319 1180 vivendi

140 1189 286 1244 rationem
299 1189 441 1242 instituat.
473 1188 534 1253 Quo
547 1194 641 1242 autem
655 1189 816 1244 divinitatis
849 1191 930 1244 lenus
943 1189 1015 1245 haec
1025 1209 1110 1263 agere
1125 1190 1245 1265 [docere]
1260 1208 1320 1247 cre·

142 1258 239 1322 datur,
252 1257 344 1310 multa
356 1256 511 1323 mirabilia,
526 1257 609 1327 signa
622 1264 651 1310 et
663 1257 794 1329 prodigia
806 1209 880 1325 edit,
903 1258 962 1313 solo
980 1259 1055 1313 enim
1072 1267 1158 1325 nutu,
1176 1260 1258 1328 quasi
1308 1289 1319 1301 ·

140 1332 255 1379 testate
268 1331 397 1394 accepta,
412 1325 510 1378 surdos
523 1325 621 1379 audire
634 1324 719 1391 facit,
733 1343 833 1380 caecos
846 1326 956 1392 videre,
974 1327 1095 1396 pedibus
1108 1343 1211 1398 aegros
1222 1273 1318 1382 ambo-

141 1394 214 1458 lare,
225 1393 344 1447 claudos
354 1390 434 1446 firmo
445 1393 534 1474 gradu
543 1393 685 1459 incedere,
698 1411 808 1448 omnem
817 1393 944 1447 morbum
954 1393 1084 1464 depellit,
1094 1411 1205 1448 omnem
1213 1395 1318 1450 malum

141 1479 155 1514 s
179 1461 278 1514 iritum
295 1460 393 1531 fugat3
412 1478 480 1530 qum
499 1461 585 1515 etiam
601 1461 706 1530 leprosi
724 1462 832 1516 eminus
851 1478 914 1516 eum
931 1467 1043 1515 tantum
1061 1461 1205 1516 intuentes
1224 1463 1317 1518 sanati

140 1480 263 1595 abeunt,
275 1527 379 1582 mortui
391 1545 457 1584 vero
471 1529 561 1583 oblati
576 1529 764 1596 suscitantur,
782 1547 835 1583 nec
847 1529 911 1598 quis
932 1547 997 1582 uam
1009 1535 1067 1596 est,
1085 1530 1161 1609 quod
1191 1536 1317 1586 raestare

140 1615 202 1651 non
217 1597 341 1667 possit.“
376 1595 471 1666 Atque
489 1614 544 1667 quo
560 1597 625 1667 plus
643 1597 778 1667 temporis
795 1546 983 1668 praeteribat,
1002 1613 1035 1652 eo
1052 1615 1141 1651 maror
1156 1549 1317 1668 flimiorque

139 1681 194 1736 per
207 1665 367 1736 complures
380 1665 567 1718 advenientes
584 1663 674 1718 fiebat
690 1665 747 1718 iam
759 1682 816 1719 non
828 1663 951 1735 amplius
962 1663 1052 1733 fama,
1065 1665 1194 1736 inquam,
1213 1666 1264 1720 scd
1274 1665 1317 1720 rei

139 1733 260 1788 veritas.
297 1732 370 1785 Tum
388 1733 464 1786 enim
482 1738 638 1787 conventus
649 1749 701 1802 per
713 1734 776 1786 loca
788 1731 910 1800 fiebant,
927 1739 960 1787 ut
972 1737 1166 1788 consultarent
1179 1733 1317 1788 delibera·

138 1806 279 1871 rentque,
293 1800 422 1870 quisnam
436 1800 461 1854 is
474 1806 561 1866 esset,
574 1801 622 1870 qui
635 1801 826 1870 apparuisset,
839 1801 962 1872 quidque
976 1801 1037 1856 eius
1051 1801 1106 1856 sibi
1116 1802 1205 1856 vellet
1218 1801 1316 1855 oratio.

210 1885 276 1940 VIl.
314 1882 504 1954 Caeteroquin
521 1885 678 1938 autumnali
695 1889 822 1955 tempore
840 1885 966 1940 eiusdem
983 1885 1050 1940 anni
1069 1887 1184 1956 quidam
1200 1886 1316 1956 publice

142 1954 260 2008 exstitit
272 1952 462 2022 clamavitque
476 1952 588 2006 dIcens:
607 1952 670 2006 Viri
681 1951 803 2006 Romani
814 1954 925 2008 audite:
944 1953 1002 2008 Dei
1017 1953 1094 2007 filius
1107 1954 1137 2007 in
1148 1954 1255 2008 Iudaea
1267 1953 1315 2008 ad-

140 2027 197 2087 est,
211 2021 335 2087 cunctis,
349 2021 397 2091 qui
409 2021 509 2086 velint,
522 2021 612 2074 vitam
625 2021 825 2090 sempiternam
837 2023 1015 2092 promittens,
1029 2022 1054 2074 si
1062 2021 1151 2076 vitam
1163 2021 1316 2076 instituant

140 2105 178 2143 ex
188 2091 339 2144 voluntate
351 2087 454 2158 patris,
472 2089 521 2158 qui
537 2088 630 2158 ipsum
643 2089 729 2142 misit.
761 2088 873 2160 Quapro
894 2095 938 2144 ter
949 2107 1040 2144 mores
1054 2095 1224 2144 commutate
1237 2108 1255 2144 a
1267 2089 1315 2144 de-

140 2157 296 2212 terioribus
309 2156 346 2210 ad
357 2156 475 2210 meliora
486 2162 677 2224 transeuntes,
690 2174 708 2211 a
720 2157 836 2211 caducis
849 2108 893 2212 all
899 2163 1022 2213 aeterna.
1041 2156 1216 2229 Cognoscite
1229 2176 1315 2212 unum

141 2243 206 2280 esse
220 2225 315 2278 Deum
333 2225 364 2278 in
379 2223 470 2277 tribus
482 2223 625 2304 personis,
662 2224 691 2277 ui
709 2224 739 2277 in
755 2225 843 2280 caelis
857 2231 915 2294 cst,
933 2227 1013 2280 cuius
1026 2227 1160 2279 mundum
1173 2231 1239 2280 ante
1252 2227 1314 2281 eius

140 2295 244 2348 oculos
256 2293 348 2346 iustos
361 2291 468 2346 iniuste
480 2291 616 2346 mcclitis.
663 2309 740 2346 erum
753 2293 778 2346 si
790 2293 996 2350 convertamini
1009 2299 1038 2346 et
1049 2294 1203 2348 secundum
1215 2295 1313 2348 volun·
1405 2329 1411 2340 ·

138 2367 233 2416 tatem
246 2361 307 2415 eius
319 2359 438 2426 visatis,
457 2359 488 2412 in
499 2361 620 2414 alterum
638 2360 765 2414 seculum
783 2361 890 2414 sublati
902 2361 1066 2430 aeternique
1078 2361 1198 2427 redditi,
1212 2361 1313 2416 ineffa-

138 2429 249 2483 bilibus
262 2427 352 2498 ipsius
363 2427 447 2483 bonis
459 2427 657 2508 perfruemini3
676 2427 721 2481 sin
737 2445 804 2482 vero
820 2445 878 2481 non
893 2428 1110 2496 obtemperetis,
1127 2433 1194 2498 post
1205 2427 1314 2482 hancce

138 2498 234 2552 vitam
250 2493 389 2550 inlocum
406 2496 483 2566 ignis
497 2495 703 2561 coniieiemini,
720 2495 770 2549 ubi
787 2500 903 2550 aeterno
919 2495 1014 2567 puniti
1031 2495 1136 2549 frustra
1154 2512 1204 2549 vos
1214 2495 1314 2574 poeni·

139 2565 227 2620 tebit.
248 2564 460 2622 Paenitentiae
482 2563 557 2617 enim
577 2569 765 2634 opportunum
785 2568 898 2633 tempus
923 2563 1069 2634 praesenti
1088 2563 1312 2632 uniuscuiusque

138 2632 202 2687 rita
215 2631 401 2687 concluditur.
437 2631 547 2695 Quibus
560 2648 614 2702 ego
632 2629 740 2684 auditis
754 2630 899 2698 dolebam,
917 2630 993 2702 quod
1005 2647 1040 2684 ex
1056 2635 1100 2684 tot
1118 2629 1241 2684 catervis
1253 2637 1313 2684 tam

139 2717 247 2772 magno
267 2700 371 2754 nuncio
389 2705 509 2769 accepto
525 2716 608 2752 nemo
627 2699 711 2753 dixit:
730 2699 764 2752 In
781 2699 917 2753 Iudaeam
938 2697 1116 2770 proficiscar,
1137 2704 1170 2752 ut
1190 2697 1312 2765 videam,

137 2776 236 2823 utrum
247 2769 303 2823 iste
316 2773 409 2822 orator
420 2785 485 2821 vere
499 2767 585 2834 dicat,
597 2765 656 2821 Dei
684 2767 770 2838 uippe
783 2766 874 2822 filium
883 2768 913 2822 in
922 2767 1029 2822 Iudaea
1039 2767 1186 2821 exstitisse
1198 2770 1313 2836 propter

137 2838 246 2892 bonam
257 2841 456 2905 aeternamque
470 2852 558 2905 spem,
571 2835 620 2904 qui
631 2785 809 2890 voluntatem
821 2836 925 2906 patris,
938 2853 956 2890 a
968 2853 1022 2905 quo
1034 2835 1138 2888 missus
1152 2840 1211 2902 est,
1223 2834 1312 2888 mani·

137 2905 237 2960 festct.
273 2904 359 2958 Haud
376 2920 443 2957 sane
460 2903 542 2973 parvi
560 2908 619 2969 est,
639 2903 714 2973 quod
731 2919 794 2957 eum
810 2903 975 2973 praedicare
988 2903 1095 2958 dicunt.
1131 2901 1312 2968 Quorundam

139 2974 218 3028 enim
233 2971 342 3027 animas
360 2969 497 3037 affirmat,
516 2977 616 3040 utpote
634 2971 821 3038 immortales,
840 2971 1046 3026 immortalibus
1065 2971 1149 3026 bonis
1161 2971 1311 3038 fruituram

37 3041 40 3048 ’
137 3042 262 3096 aliorum
273 3057 339 3094 vero
352 3039 490 3111 inignem
503 3038 692 3093 inextinctum
704 3039 856 3109 proiectas,
869 3046 1015 3095 aeternum
1028 3057 1091 3096 esse
1103 3039 1271 3112 puniendas.

209 3124 289 3180 VIII.
326 3124 404 3188 Quae
422 3141 484 3178 cum
503 3124 538 3178 de
555 3124 621 3178 aliis
640 3124 777 3191 dicerem,
796 3125 882 3179 etiam
899 3143 1010 3180 mecum
1025 3125 1071 3178 his
1087 3125 1182 3180 verbis
1198 3124 1311 3180 locutus

139 3211 217 3248 snm:
241 3191 318 3256 Quid
335 3192 407 3246 alios
427 3193 573 3262 vitupero,
593 3192 690 3272 quiin
711 3193 824 3258 eodem,
846 3210 901 3272 quo
919 3194 963 3246 illi
979 3194 1176 3274 negligentiae
1194 3193 1311 3246 crimine

136 3259 256 3317 verser?
278 3259 425 3332 Agedum,
437 3260 522 3315 rebus
536 3260 700 3314 domesticis
716 3277 800 3332 quam
816 3277 937 3329 primum
953 3261 1107 3326 ordinatis,
1128 3277 1158 3312 111
1175 3258 1311 3313 Iudaeam

137 3487 198 3537 dum
216 3503 245 3537 ex
262 3489 338 3538 Hom.
355 3488 376 3550 Ι,
393 3484 410 3542 6
431 3491 456 3536 et
472 3485 543 3552 Epit.
564 3501 585 3536 c.
606 3481 639 3547 6.,
660 3489 704 3534 aut
747 3485 845 3535 Vmale
858 3497 913 3532 oum
927 3487 1033 3546 utroque
1044 3481 1120 3532 Hom.
1133 3480 1193 3531 Cod.
1204 3479 1308 3545 etEpit.

136 3557 204 3605 iorte
225 3571 281 3604 curn
297 3556 380 3604 Tisch.
401 3553 560 3604 scribendum
583 3551 664 3620 σιγᾶν
684 3546 703 3616 ἢ
798 3552 856 3602 VII.
880 3547 906 3616 1)
919 3545 953 3600 τὰ
964 3551 1076 3599 omOet
1087 3543 1242 3615 Mon-2)
1254 3549 1307 3596 No·

138 3624 258 3689 στέγειν.
295 3623 360 3673 Illud
390 3626 473 3672 tamen
504 3625 621 3687 praestat.
651 3619 702 3669 osr.
745 3619 831 3670 tabilis
847 3621 909 3669 hacc
925 3617 1050 3684 appositio
1071 3614 1101 3670 lv
1122 3637 1138 3669 τ
1158 3618 1216 3668 salv
1235 3611 1308 3667 ὐπο-

138 3692 172 3740 So
192 3692 217 3740 h.
239 3692 301 3742 Ocd.
322 3693 351 3741 Τ.
371 3686 431 3752 341,
451 3690 540 3740 Trach.
560 3685 618 3750 992,
635 3687 702 3737 Phil.
746 3682 861 3740 στάσεσι
878 3703 928 3737 non
945 3687 993 3750 leg.
1012 3687 1087 3737 Hom.
1105 3687 1126 3748 I,
1139 3633 1168 3739 li.
1198 3685 1266 3742 Quin
1281 3699 1310 3734 ea

138 3708 197 3808 13I.
222 3787 250 3794 -
277 3755 305 3826 3)
327 3754 462 3816 Ἰουδαῖος
486 3759 506 3806 0
531 3766 555 3806 et
579 3757 648 3808 Mon.
668 3782 703 3791 -
746 3756 823 3806 solius
836 3755 1006 3824 epitomatoris
1024 3755 1057 3806 sit
1077 3755 1155 3822 (Epit.
1169 3771 1189 3804 c.
1203 3752 1237 3816 ἵ),
1258 3768 1309 3802 non

136 3823 162 3886 4)
175 3823 254 3892 αὐτῷ
266 3828 290 3878 V
307 3830 332 3876 et
347 3828 429 3889 Mon,
448 3821 540 3878 αὐτῶν
551 3825 626 3874 Hom.
639 3822 700 3872 ibid.
745 3823 839 3875 dubito.
853 3851 888 3861 -
899 3818 927 3890 3)
940 3818 1028 3874 αὐτοῦ
1039 3819 1154 3891 ἀγαθῶν
1166 3822 1226 3872 ordo
1239 3835 1306 3870 voce.

136 3895 199 3945 item
212 3896 255 3944 Or.
280 3886 703 3961 Τ1111101.7ιροκατορι(1ώσει.-
744 3891 771 3941 in
785 3893 813 3942 0.
836 3918 869 3928 -
890 3886 918 3958 4)
936 3889 963 3949 ἐς
974 3895 1005 3942 V.
1024 3918 1057 3927 —
1074 3887 1103 3958 5)
1120 3887 1217 3948 r'c's'dltoc
1232 3883 1307 3940 ὅπου

136 3959 165 4029 5)
192 3963 270 4016 πνέει
297 3963 317 4012 0
343 3963 385 4014 Or.
413 3962 481 4011 Mon.
517 3988 551 3998 -
594 3955 621 4025 6)
650 3953 701 4025 γὰρ
746 3958 833 4010 ordine
844 3960 929 4010 inv.0
949 3963 974 4008 st
990 3959 1058 4008 Mon.
1075 3985 1110 3995 -
1126 3955 1151 4016 6)
1166 3955 1232 4008 εἰδῶ
1245 3957 1265 4004 Ο
1283 3958 1308 4004 et

137 4046 187 4080 om.
200 4031 224 4080 V
237 4035 262 4080 et
275 4031 317 4080 Or.
335 4057 370 4066 —
386 4025 413 4097 7)
430 4031 545 4096 βλέπειν
557 4029 577 4078 Ο
598 4032 622 4076 et
633 4026 702 4076 Mon.
745 4029 813 4078 Mon.
824 4054 859 4064 —
877 4022 904 4094 I)
918 4021 1106 4094 ἐπιδεδήμηκε
1118 4026 1146 4074 Ο.
1164 4051 1197 4059 -
1215 4017 1243 4088 8)
1256 4019 1306 4087 ἔμ-

136 4125 171 4134 -
188 4093 214 4158 8)
238 4102 317 4150 ποιεῖ
323 4113 382 4148 ’11011
398 4103 436 4148 est
453 4097 519 4148 inl)
540 4101 565 4147 et
581 4096 650 4146 Mon.
668 4121 703 4131 -
745 4095 1005 4162 mulvvaetMon.
1029 4120 1059 4128 —
1080 4087 1108 4158 9)
1122 4092 1163 4142 Sic
1182 4094 1206 4139 et
1222 4093 1307 4138 noster

137 4161 165 4232 9)
181 4162 409 4234 01,1ἷνορθοῖ.-
427 4161 470 4232 10)
484 4159 536 4216 doc
548 4181 579 4231 γε
592 4165 621 4223 0,
635 4162 701 4227 quod
743 4163 819 4211 Hom.
832 4162 891 4212 Cod.
904 4166 929 4209 et
941 4162 1009 4210 Mon.
1027 4159 1178 4230 ῥιφθείσας
1194 4157 1232 4206 ed.
1252 4155 1306 4207 uot.

136 4250 168 4284 ex
179 4233 254 4283 huius
267 4232 367 4283 Codicis
383 4233 509 4282 scribendi
524 4231 621 4282 ratione
635 4229 700 4279 idem
743 4230 818 4279 Hom.
831 4230 851 4290 I,
865 4226 888 4278 7.

137 4307 177 4351 est
188 4317 217 4350 ac
229 4297 287 4368 ὅσῳ
299 4298 700 4371 ys.-ll)pdtlovOctMon.
801 4297 861 4362 Cap.
890 4295 960 4345 VIII.
1000 4291 1028 4362 1)
1061 4295 1102 4344 Or.
1133 4288 1243 4365 ὁμίησα.
1273 4319 1306 4328 -

137 4395 172 4404 -
185 4363 229 4434 1⁴2)
242 4373 280 4419 lta
292 4371 313 4417 0
326 4375 351 4420 et
362 4370 431 4420 bion.
443 4367 596 4430 rectissime,
615 4361 647 4416 rb
662 4367 701 4422 τίς
743 4361 770 4432 2)
785 4360 858 4416 οὕτω
871 4364 898 4416 O.
911 4389 946 4399 -
956 4358 985 4430 3)
998 4363 1067 4414 Mon.
1080 4357 1212 4415 ditasse.
1236 4360 1307 4411 Idem
