3162 4900
399 333 747 408 snonnuunrrssorr.
761 335 855 392 ouis
867 335 1133 412 rnamoumms.
1291 323 1354 388 313

179 483 292 554 cipium.
305 509 339 524 -·
350 474 385 538 V.
397 483 414 536 8
424 482 579 554 legendum
591 481 726 536 arbitror:
743 481 851 538 Αὐτίκα
862 484 933 554 γοῦν
945 501 985 538 συ
1002 502 1052 552 την
1063 504 1150 556 οηχην
1167 485 1269 557 ἔλεγες·
1288 491 1314 542 εὶ
1325 487 1355 541 ἔκ

181 555 254 609 Θεοῦ
270 551 285 607 ό
303 573 342 606 πο
396 549 426 612 ὸς
443 555 618 629 γεγέννηται,
648 551 692 617 τῆς
706 549 790 618 αὐτῆς
807 549 882 618 αὐτῷ
900 549 940 606 ὧν
957 550 1054 613 οὐσίας
1068 558 1114 606 καὶ
1129 551 1210 614 Θεὸς
1231 553 1355 624 πονηρός

178 622 264 675 ἔστιν.
277 650 312 658 -
322 617 358 672 V.
387 617 571 672 Stentaverrt
583 616 699 686 aliquis:
714 617 746 672 τὸ
757 623 943 688 γεγεννῆσθαι
957 621 990 673 ἐκ
1005 621 1101 684 Θεοῦ,
1116 635 1171 689 quo
1186 620 1221 673 de
1231 619 1281 673 cfr.
1293 638 1320 673 v.
1328 622 1353 675 8.

177 684 330 764 Atpotius
348 686 483 754 scriptum
501 684 603 738 fuisse:
622 683 654 739 τὸ
670 689 835 756 γεννῆσαι
855 685 953 748 Θεὸν,
978 685 1134 741 verisimile
1150 685 1245 740 reddit
1262 687 1352 756 locus,

179 771 229 824 qur
242 758 287 806 est
319 753 398 819 2100,
410 754 436 810 5.

244 821 276 874 P.
299 772 360 886 SSO,
384 822 401 873 6
422 817 522 872 nescio
547 835 583 872 an
604 835 655 888 pro
683 818 826 890 ἀνθρώπῳ
851 818 1033 873 scribendum
1058 821 1111 874 sit:
1141 820 1351 890 ἀνθρώποις.

175 886 290 940 Etenim
307 887 412 957 plurali
429 885 579 960 ἄνθρωποι
596 885 643 940 hic
661 887 782 956 scriptor
795 892 961 942 constanter
976 904 1045 940 usus
1058 893 1103 941 est
1114 893 1174 941 tam
1188 888 1245 943 hoc
1257 887 1351 958 capite

175 971 261 1024 quam
271 971 313 1023 eo,
328 954 404 1026 quod
414 952 622 1024 praegreditur.
632 984 666 994 -
678 953 713 1008 V.
728 953 760 1008 13
771 952 920 1008 Dresselio
932 971 989 1007 non
1002 961 1065 1009 erat
1075 955 1267 1025 repudiandus
1280 957 1351 1009 ordo

175 1022 339 1088 verborum,
358 1038 442 1092 quem
459 1019 580 1091 praebet
599 1021 689 1075 codex
707 1017 740 1087 Ο,
762 1038 848 1091 quum
864 1021 1036 1091 praesertim
1055 1022 1142 1077 etiam
1158 1023 1257 1092 paullo
1275 1027 1351 1090 ante,

174 1107 200 1142 r.
213 1088 230 1142 9
243 1108 295 1161 sq.,
315 1089 344 1142 in
359 1095 479 1158 utroque
498 1087 596 1152 codice
613 1088 771 1158 reperiatur
791 1092 847 1146 τῶν
867 1088 1076 1162 προσόντων
1096 1090 1298 1158 ἀνθρώποις
1319 1089 1352 1145 τὸ

174 1163 328 1228 κρείττονα.
340 1156 443 1210 Paullo
456 1154 539 1221 infra,
552 1173 577 1207 v.
591 1156 623 1210 17
637 1174 686 1239 οη,
700 1173 769 1210 sane
781 1161 904 1229 uterque
918 1156 990 1212 liber
1001 1173 1083 1217 mser.
1098 1158 1232 1228 praebet:
1252 1159 1285 1213 τὸ
1300 1157 1351 1213 ἆν-

173 1223 302 1295 θρώποις
314 1223 460 1299 πρόσοντα
473 1229 503 1277 et
515 1225 571 1278 τῶν
583 1222 746 1290 ἅνθρωποις
757 1223 932 1294 προσόντων.

243 1291 274 1345 P.
287 1291 348 1357 381,
361 1293 378 1344 2
391 1307 431 1360 sq.
445 1295 571 1344 extrema
584 1287 705 1344 Simonis
719 1291 808 1346 verba
821 1291 977 1346 secundum
991 1291 1119 1345 codicem
1139 1290 1161 1346 O
1175 1297 1204 1346 et
1218 1290 1349 1363 Schweg-

174 1359 264 1411 lorum
282 1358 323 1412 sic
341 1357 569 1428 repraesentavit
586 1355 766 1412 Dresselius:
785 1359 830 1414 ὅτι
847 1359 898 1414 τὸν
915 1358 1041 1428 πονηρὸν
1057 1362 1104 1415 ἑτέ
1119 1381 1136 1413 α
1148 1381 1190 1421 τις
1205 1363 1351 1431 ἐγέννησεν

173 1425 252 1510 ἀρχή,
266 1425 282 1495 ἢ
295 1426 335 1497 ἄρ’
350 1425 501 1496 ἀγίννητόν
514 1429 600 1488 ἐστιν,
614 1425 685 1478 satis
694 1425 804 1479 habens
814 1426 976 1492 adnotasse,
985 1379 1196 1506 Schwegicrum
1207 1444 1257 1496 pro
1269 1427 1350 1496 ἀγέν-

174 1513 261 1561 νητον
281 1494 382 1547 malle:
404 1492 562 1564 ἀμίννητός.
598 1491 733 1546 Profecto
752 1498 884 1547 neutrum
905 1493 1058 1564 εἠίννητον
1081 1512 1111 1548 m
1131 1493 1182 1547 illo
1202 1495 1350 1548 enuntiato

174 1560 243 1614 ferri
255 1561 334 1614 nullo
346 1565 432 1631 pacto
441 1565 546 1630 potest.
572 1557 613 1612 Ar
623 1559 777 1628 quaeritur,
790 1578 857 1613 uum
870 1560 1040 1616 emendandi
1052 1560 1106 1630 via,
1120 1578 1204 1631 quam
1217 1560 1349 1631 Schweg-

173 1628 251 1682 lerus
269 1628 416 1700 ingressus
434 1634 493 1693 est,
510 1643 579 1681 vera
597 1627 642 1680 sit.
677 1627 740 1698 Ego
758 1644 841 1682 secus
860 1631 964 1682 statuo.
999 1627 1091 1691 Quum
1110 1628 1184 1683 enim
1196 1629 1300 1682 Petrus
1312 1628 1349 1682 ad

172 1695 224 1750 illa
247 1693 370 1750 Simonis
389 1694 478 1749 verba
497 1695 539 1748 ita
558 1695 744 1764 respoudeat:
767 1694 831 1752 οὔτε
849 1697 897 1750 ἑτί
913 1718 930 1750 ο
947 1718 989 1757 τις
1009 1695 1127 1768 ὸὺναμις
1147 1699 1275 1768 ἐγέννησε
1297 1695 1348 1752 τὸν

171 1762 311 1834 πονηρόν,
330 1763 395 1818 οὔτε
420 1762 428 1781 ’
448 1761 564 1830 ἐν’νητόν
580 1766 658 1818 ἔστιν
677 1762 709 1818 τὸ
728 1763 825 1825 κακὸν,
847 1715 945 1818 credat
963 1763 1066 1832 aliquis
1079 1764 1173 1834 potius
1185 1763 1349 1832 postverba

170 1829 324 1902 ἀγέννητόν
336 1784 482 1894 ἐστιναότοΙ
493 1830 565 1900 ἔστι)
575 1829 730 1909 excidisse:
744 1830 781 1885 τὸ
793 1831 904 1898 κακόν,
917 1831 1003 1900 idque
1015 1848 1049 1885 eo
1060 1831 1162 1903 magis,
1188 1830 1245 1884 uod
1256 1831 1348 1909 sequi-

170 1903 217 1951 tur
239 1915 294 1951 vox
313 1903 360 1952 καὶ
379 1901 498 1952 externa
517 1914 613 1984 specle
635 1898 744 1950 srmrhs.
779 1897 914 1952 Ceterum
934 1898 1031 1952 nescio
1046 1916 1083 1953 an
1102 1847 1290 1969 praeierenda
1311 1903 1348 1951 srt

170 1962 311 2018 codicisO
323 1965 475 2044 scriptura:
490 1970 514 2020 sl
526 1987 578 2036 προ
589 1964 731 2034 γεννητόν,
742 1982 828 2035 quum
839 1966 1008 2036 praesertim
1020 1964 1037 2035 ἢ
1048 1965 1100 2040 ἄρα
1110 1965 1157 2019 vix
1168 1965 1237 2020 ferri
1268 1965 1348 2018 ossit.

169 2033 204 2086 In
216 2031 274 2086 fine
287 2031 427 2086 enuntiati
440 2032 638 2086 collocandum
651 2040 695 2086 est
708 2033 820 2104 signum
832 2033 1074 2104 interrogationis.
1086 2064 1119 2074 -
1130 2032 1165 2088 V.
1177 2035 1195 2087 8
1207 2050 1240 2086 co
1263 2031 1347 2086 ὀἱοῦ

169 2100 343 2170 scripturam
359 2109 392 2154 θε
412 2103 470 2170 μοῦ
488 2119 516 2155 τε
533 2099 710 2154 aDresselio
722 2100 917 2170 posthabitam
936 2101 1053 2155 lectioni
1070 2101 1177 2155 codicis
1195 2098 1218 2154 0
1234 2103 1347 2172 θερμοῦ

167 2172 253 2238 λέγω,
272 2167 334 2237 ipse
352 2120 441 2221 codex
462 2164 486 2220 0
502 2166 621 2238 praebet
642 2167 717 2220 infra
738 2170 837 2236 p.398‚
852 2169 893 2222 18.
913 2200 947 2210 -—
970 2168 1033 2223 V.9
1051 2169 1187 2238 scriptum
1206 2168 1346 2238 oportuit:

168 2238 323 2308 sadrapis
334 2235 491 2288 secundum
505 2234 632 2290 codicem
645 2231 677 2290 Ο.
708 2233 772 2297 Qua
785 2237 927 2305 scriptura
937 2242 1063 2305 recepta,
1076 2254 1127 2306 pro
1140 2239 1196 2305 ἔχει
1210 2252 1347 2306 reponen-

168 2303 237 2356 dum
251 2301 320 2356 erit:
334 2307 397 2373 εἶχε.
410 2333 444 2342 —-
455 2301 490 2356 V.
504 2303 538 2355 10
550 2301 686 2356 con'iciat
698 2302 803 2371 aliquis
815 2309 883 2356 ante
894 2310 1029 2373 γενέσθαι
1038 2303 1219 2356 intercidisse
1229 2303 1347 2356 verbum

173 2369 297 2436 finitum,
330 2370 387 2425 uod
399 2369 557 2441 appellant,
569 2375 600 2424 ta
614 2386 638 2436 e,
652 2370 736 2440 quale
749 2374 794 2422 est
808 2376 939 2440 συνέβη,
952 2367 1002 2422 cfr.
1014 2387 1041 2448 p.
1054 2371 1111 2434 158,
1122 2368 1148 2436 4,
1167 2369 1227 2436 378,
1240 2371 1263 2423 5.

236 2437 269 2492 Ρ.
282 2387 341 2506 38i,
353 2437 371 2490 4
382 2438 531 2493 Dresselio
544 2437 603 2492 reci
624 2437 709 2491 ienda
722 2442 784 2490 erat
797 2436 903 2490 codicis
917 2434 940 2490 Ο
958 2435 1057 2490 lectio:
1083 2435 1134 2491 τὸν
1150 2435 1267 2491 ἑκάστου
1280 2435 1346 2510 τρό-

168 2524 234 2568 πον,
249 2523 301 2574 pro
315 2523 357 2573 eo,
370 2505 447 2576 quod
459 2511 504 2560 est
516 2507 545 2560 in
558 2456 622 2559 cori
634 2503 669 2558 O:
682 2503 715 2560 τὸ
727 2507 827 2560 ἕκαστα
840 2507 896 2560 τῶν
909 2503 1031 2578 τρόπων.
1046 2533 1079 2542 -
1090 2502 1125 2557 V.
1138 2505 1154 2557 9
1165 2520 1225 2573 sqq.
1237 2503 1346 2558 editum

169 2577 229 2627 est:
249 2577 302 2629 νῦν
314 2573 381 2646 ἡμῖν
394 2574 409 2628 ὁ
422 2572 505 2645 λόγος
517 2573 662 2646 πρόκειται
675 2574 762 2634 δεῖξαι
774 2577 836 2634 πῶς
845 2574 953 2643 ἐγένετο
964 2570 979 2626 ό
992 2571 1122 2644 πονηρός,
1134 2579 1212 2642 εἴπερ
1221 2579 1346 2644 γέγονεν,

166 2646 213 2695 καὶ
227 2639 284 2694 ὑπὸ
299 2648 389 2704 τίνος·
409 2641 441 2696 τὸ
454 2645 486 2698 δὲ
498 2648 522 2697 sl
533 2643 695 2715 ἀμέμπτως,
717 2638 827 2696 ὁπόταν
840 2641 934 2701 deserui
951 2637 1002 2694 τὸν
1013 2641 1065 2694 νῦν
1078 2638 1147 2712 ἡμῖν
1159 2647 1346 2713 προκείμενον

166 2707 267 2776 λόγον·
281 2707 344 2764 τότε
358 2708 390 2763 τὸ
404 2712 464 2770 πῶς
475 2715 520 2764 καὶ
533 2708 579 2764 διὸ
596 2715 626 2764 τί
641 2710 751 2779 ἐγένετο
764 2709 857 2770 δείξω,
874 2714 919 2762 καὶ
932 2705 975 2761 ὅτι
992 2705 1141 2778 ἄμεμπτος
1157 2705 1172 2760 ὸ
1186 2727 1274 2761 πεποι
1292 2707 1346 2770 νὼς

167 2779 224 2854 πλη
244 2775 386 2847 οηορὴσω.
420 2775 493 2830 Esse
505 2782 601 2830 autem
614 2775 685 2828 haec
697 2774 786 2830 rerba
798 2775 908 2828 mendis
919 2773 1040 2840 referta,
1053 2773 1141 2828 facile
1154 2773 1257 2828 elucet.
1276 2731 1345 2845 ilgo

167 2795 351 2896 scrriiendum
363 2861 482 2898 censeo:
504 2849 556 2900 νῦν
573 2875 606 2883 -
625 2841 682 2899 ὑπὸ
704 2849 780 2904 τίνος
795 2849 852 2898 καὶ
869 2842 927 2896 dcci
944 2849 984 2897 τί.
1003 2842 1036 2897 τὸ
1054 2844 1086 2898 δὲ
1104 2848 1129 2898 εἰ
1148 2841 1344 2928 ἄμεμπτος,

167 2908 440 2975 ὸπόταν,ὸιεξιὸν
453 2911 548 2966 τὸν-
564 2908 597 2965 λ’
617 2930 659 2975 ον,
678 2909 716 2965 τό
733 2931 767 2965 τε
784 2913 844 2972 πῶς
860 2916 915 2965 καὶ
933 2909 995 2965 ὑπὸ
1014 2916 1167 2972 τίνοςκαὶ
1179 2912 1226 2964 dra
1238 2918 1267 2964 rt
1276 2916 1344 2964 cett.

168 2975 288 3040 Λιεξιών
297 2978 424 3056 proxime
442 2978 556 3032 accedit
573 2996 590 3033 a
627 2982 733 3044 διεξίω,
751 2995 824 3047 quae
842 2984 886 3032 est
899 2975 1041 3032 codicisO
1061 2978 1216 3048 scriptura,
1240 2977 1345 3048 injuria

168 3044 337 3114 posthabrta
348 3061 366 3099 a
377 3045 527 3099 Dresselio
539 3045 654 3116 ineptae
668 3046 774 3100 codicis
788 3045 810 3099 C
823 3046 940 3101 lectioni
953 3049 1052 3108 ότεξιῶ.
1081 3045 1161 3110 Quae
1174 3046 1314 3116 supplevi,
1327 3063 1345 3099 a

169 3112 315 3166 sententia
326 3113 508 3182 postulantur
521 3117 551 3166 et
561 3114 657 3182 posita
669 3119 735 3165 sunt
749 3113 835 3166 etiam
847 3133 874 3184 p.
887 3114 946 3182 373,
959 3115 976 3168 b
989 3119 1018 3167 et
1031 3112 1071 3169 14.
1101 3113 1236 3169 Ceterum
1247 3113 1344 3184 paullo

169 3196 271 3249 supra,
288 3198 315 3264 p.
332 3181 392 3247 381,
409 3179 480 3250 4sq.
498 3180 602 3234 Petrus
620 3179 682 3262 ipse
702 3180 773 3262 haee
790 3187 924 3250 posuerat
941 3181 1042 3235 verba:
1058 3185 1111 3239 νῦν
1124 3181 1178 3254 γὰρ
1198 3183 1347 3242 ἀποδεῖξαί

165 3269 219 3332 μοι
242 3267 400 3330 προκετται,
423 3247 459 3310 ὡς
479 3248 526 3303 ἀπ’
544 3247 630 3324 ἀρχῆς
656 3267 834 3320 υπεσχομην,
858 3248 902 3304 ότι
922 3248 991 3302 κατὰ
1009 3248 1101 3304 πάντα
1119 3247 1255 3322 τρόπονό
1276 3247 1344 3308 Θεὸς

168 3318 453 3448 cprprgpp’cllpppp
461 3381 563 3454 μήπως
580 3381 689 3452 aliquid
702 3380 816 3436 excidit.
828 3412 863 3460 7-
874 3380 910 3460 V.
924 3381 940 3434 8
957 3386 1022 3449 post
1039 3380 1213 3454 βουλήμασιν
1224 3380 1341 3434 interro.

165 3449 291 3520 gationis
304 3450 418 3520 signum
430 3449 581 3504 locandum
594 3456 664 3504 erat.
677 3481 712 3490 -
723 3448 757 3503 V.
773 3451 805 3504 15
817 3465 858 3502 src
872 3448 1145 3520 interpungendum:
1164 3455 1193 3502 τί
1201 3452 1246 3512 ὸί,·
1257 3454 1303 3504 καὶ
1315 3455 1343 3504 οἱ

166 3521 555 3651 δαίμβόὸςὸόῗὸιοτοᾶὶᾱοτίω,
569 3584 724 3638 excidisse:
738 3584 792 3648 ὠς,
805 3589 872 3637 ante
885 3581 1101 3666 ἔμψυχος-17.
1113 3582 1130 3635 8
1143 3583 1185 3636 sio
1197 3583 1342 3654 interpun-

165 3650 262 3722 genda
271 3657 338 3705 sunt
349 3651 451 3706 verba:
466 3659 495 3706 τί
505 3655 545 3717 de,
557 3657 581 3708 sl
592 3657 660 3706 cett.
669 3684 703 3692 -
716 3651 751 3706 V.
765 3653 797 3704 15
808 3651 974 3706 Dresselrus
984 3649 1089 3705 edidit:
1102 3649 1173 3722 ἅπερ
1184 3651 1216 3706 τὸ
1231 3650 1340 3724 [νῡνχα]

162 3718 236 3773 isa&
249 3720 299 3774 οὐκ
310 3718 346 3775 τὸν
357 3719 400 3788 ἠν.
437 3718 493 3773 Sed
506 3736 592 3788 quum
604 3720 633 3773 in
646 3719 745 3774 codice
758 3719 896 3789 scriptum
913 3719 1085 3789 reperiatur:
1097 3750 1132 3760 -
1145 3719 1247 3786 λοπὸν,
1265 3719 1342 3788 equi-

164 3785 230 3839 dem
244 3787 383 3840 suaserim
395 3791 428 3840 ut
439 3786 579 3840 intactum
591 3787 771 3857 relinquatur
787 3793 921 3842 neutrum
940 3787 1086 3858 singulare
1096 3787 1235 3859 χαλεπὸν,
1249 3803 1342 3855 nequo

164 3853 241 3906 euim
253 3854 346 3907 minus
358 3853 508 3908 ferendum
521 3870 584 3908 esse
596 3855 712 3908 videtur
723 3855 794 3927 ἅπερ
801 3855 930 3938 χαλεπὸν
943 3855 992 3909 οὐκ
1009 3853 1044 3910 ἂν
1056 3851 1103 3921 ἦν,
1122 3871 1206 3922 quam
1223 3855 1252 3906 id
1264 3852 1342 3922 quod

162 3919 238 3998 iufra
249 3939 276 3990 p.
288 3921 348 3988 387,
363 3921 395 3974 14
413 3921 535 3992 legitur:
553 3921 569 3988 ἡ
589 3926 733 3982 πλεονεξία
749 3943 841 3978 κακον.
858 3953 893 3964 -
912 3922 946 3976 V.
964 3921 995 3973 17
1008 3922 1205 4040 apogrspphum
1221 3921 1341 3973 Dresse-

162 3987 271 4040 henum
302 3989 453 4043 raebebat:
466 3987 535 4068 οὐχ’,
548 3993 580 4041 ut
591 3988 706 4057 passim,
719 4006 777 4042 non
789 3995 963 4053 constanter,
977 3987 1062 4041 etiam
1075 4005 1104 4040 m
1131 3993 1190 4048 aet
1203 4004 1293 4056 supra.

231 4055 262 4108 P.
325 4095 332 4122 ‚
342 4056 358 4107 6
367 4055 547 4110 Dresselrum
557 4055 708 4126 genuinam
718 4055 803 4124 hujus
813 4056 962 4135 scriptoris
972 4072 1085 4108 manum
1095 4070 1151 4106 non
1160 4053 1341 4123 praestitisse

162 4127 272 4176 certum
282 4128 334 4177 est.
346 4122 459 4178 Vellem
469 4123 607 4176 intactam
616 4121 780 4190 reliquisset
792 4123 1089 4191 codicrsscripturam:
1102 4119 1119 4190 ἢ
1130 4127 1182 4175 καὶ.
1190 4120 1264 4175 -V.
1277 4122 1339 4200 9sq.

164 4189 214 4258 qui
226 4189 335 4260 legitur
348 4189 437 4256 locus,
451 4196 480 4246 et
492 4189 553 4260 ipse
567 4195 725 4259 corruptus,
738 4188 799 4243 sine
811 4190 872 4243 ulla
882 4191 1029 4243 literarum
1038 4187 1196 4243 mutatione
1207 4188 1248 4242 sic
1257 4194 1340 4243 restr-

165 4257 291 4311 tuendus
304 4262 362 4310 est:
380 4264 444 4328 περλ
456 4261 583 4330 πονηροῦ
595 4264 627 4311 τί
641 4261 681 4313 ἔτι
696 4259 749 4328 ἔχω
765 4259 861 4331 ἕτερον
872 4263 969 4328 λέγειν,
988 4254 1060 4325 ἢότι
1074 4261 1142 4311 cett.
1171 4254 1228 4313 cfr.
1240 4276 1267 4327 p.
1279 4258 1339 4321 381,

169 4325 183 4376 1
198 4340 254 4393 sq.:
274 4323 378 4380 σι’·νοῦν
394 4355 428 4364 -
448 4327 498 4381 τοῦ
514 4327 617 4382 λοιποῦ
633 4331 662 4381 τί
676 4326 734 4380 ἕστε
749 4333 833 4390 νοεῖν,
847 4321 864 4393 ἢ
877 4323 920 4382 ὅτι
933 4329 1001 4380 cett.
1014 4355 1046 4364 —
1063 4323 1098 4381 V.
1112 4325 1145 4380 16
1157 4324 1282 4380 notanda
1294 4331 1339 4379 est
