3126 4894
577 277 732 328 armona
751 278 862 329 saroa.
1246 263 1306 327 103

132 424 333 479 Palaestinam
345 422 406 478 fore
423 421 483 476 illis
501 430 666 493 perpetuam
679 423 881 491 hereditatem,
900 425 923 478 si
941 427 1029 479 talem
1041 427 1135 506 legem
1148 435 1306 498 servarent;

133 509 254 562 esseque
268 491 462 545 Abrahamum
474 497 583 560 patrem
595 497 639 545 tot
650 497 834 560 posterorum,
848 499 879 546 ut
892 510 987 546 eorum
996 495 1148 548 multitudo
1161 497 1307 552 stellamm

133 559 350 614 multitudinem
363 559 518 628 adaequet,
541 565 570 612 et
583 558 612 612 in
625 559 686 612 eius
699 559 806 613 semine
819 578 916 614 omnes
929 567 1030 632 gentes
1043 561 1248 617 haereditatem
1260 582 1306 618 ac·

133 629 243 698 cipere,
256 643 411 696 rursusque
425 627 500 695 quod
512 626 549 679 ad
561 625 703 680 Davidem
716 627 823 680 dictum
837 634 893 681 est:
922 633 966 681 Dc
975 633 1076 697 fructu
1093 633 1194 683 contras
1210 633 1250 684 tui
1257 649 1306 701 po·

132 715 197 749 uam
211 714 297 765 super
308 695 398 747 sedem
411 702 498 761 luam,
516 699 545 747 et
562 693 663 747 iterum
682 695 758 764 quod
775 712 826 776 per
842 695 969 749 Esaiam:
997 697 1043 748 Vir
1062 698 1119 749 oia
1130 706 1206 750 utero
1218 701 1305 752 coaci-

129 765 195 832 piet,
208 772 234 816 et
241 763 338 832 pariet
344 762 451 829 filium,
468 771 493 814 et
503 763 639 814 vocabunt
652 781 817 816 nomenatus
829 765 1003 816 Emmanuel.
1039 715 1070 819 ἕί
1086 781 1154 844 ergo
1167 764 1238 819 haec
1250 783 1307 820 non

133 830 303 895 reiicerent,
324 829 375 881 sed
387 827 443 881 lide
457 829 685 907 comprobarent,
703 847 760 883 non
777 848 825 884 eos
837 831 959 900 pristina
970 830 1026 885 Dei
1063 831 1223 886 rovrdentia
1236 835 1306 888 cari-

133 903 221 963 turos,
235 915 334 951 verum
344 895 538 950 Palaestinam
551 914 568 950 a
588 897 627 950 ud
640 897 705 950 illos
719 897 851 952 stabilem
863 916 1021 952 mansuram
1031 851 1198 954 alfirmabat.
1219 899 1306 956 Grae·

134 983 182 1019 cos
195 965 314 1034 quidem
326 963 380 1017 hoc
393 963 476 1016 modo
489 969 519 1016 et
530 915 651 1018 Iudaeos
668 964 752 1018 valde
771 965 889 1019 solerter
904 971 933 1019 et
949 967 1160 1022 accommodate
1175 967 1307 1024 subiicie-

134 1033 193 1100 bat,
207 1050 259 1086 eos
272 1031 356 1084 simul
370 1036 400 1084 et
412 1031 558 1085 demerens
571 1039 599 1086 et
612 1033 717 1086 sensim
729 1031 766 1086 ad
777 1049 871 1086 veram
882 1033 1070 1104 religinonem
1082 1035 1234 1089 adducens.

203 1115 279 1170 CLI.
317 1114 473 1168 Christiani
491 1132 557 1169 vero
575 1117 666 1171 multa
682 1122 711 1171 et
728 1117 786 1170 alia
799 1133 881 1170 curae
893 1117 946 1170 viri
960 1118 1037 1171 illius
1050 1135 1119 1190 erga
1133 1119 1209 1188 ipsos
1223 1120 1307 1175 docu-

136 1191 232 1239 menta
255 1182 417 1249 habebant3
436 1183 603 1252 praesertim
619 1201 685 1238 vero
710 1184 739 1237 in
758 1183 949 1238 beneficentia
965 1192 1089 1254 quantus
1106 1186 1155 1240 ille
1174 1187 1242 1252 fuit,
1259 1189 1306 1258 qui

136 1250 312 1323 pauperibus
333 1268 392 1304 sem
414 1267 444 1303 er
467 1248 616 1306 thesauros
640 1257 799 1306 asservaret
820 1252 848 1306 in
872 1253 941 1306 tutis
966 1253 1156 1322 repositoriis,
1180 1271 1307 1324 quaeque

137 1325 217 1374 erant
235 1317 399 1372 insidiatorr
420 1335 453 1370 us
471 1316 595 1372 fortiora.
632 1317 746 1390 Egenos
764 1320 839 1372 enim
858 1319 1033 1390 singularum
1049 1319 1127 1372 urhis
1142 1321 1265 1399 partium
1277 1322 1306 1375 in

136 1387 252 1441 tabulas
264 1385 391 1440 referens
401 1384 530 1455 quotidie
542 1385 601 1438 illis
612 1386 823 1456 suppeditabat,
835 1404 906 1456 quae
917 1392 996 1440 erant
1006 1403 1181 1467 neeessar1a5
1194 1388 1306 1442 iterum-

137 1472 188 1524 que
201 1459 345 1524 quotquot
358 1453 393 1506 ab
407 1469 440 1506 eo
452 1451 565 1506 fuerant
578 1453 674 1507 divino
686 1454 858 1524 baptismate
874 1454 986 1520 donati,
1004 1470 1052 1507 eos
1071 1471 1089 1508 a
1100 1454 1223 1523 publicis
1236 1456 1306 1510 libe-

135 1523 217 1576 rabat
229 1521 359 1587 tributis,
372 1525 402 1574 et
413 1520 554 1590 integram
566 1521 723 1590 praebebat
735 1521 950 1574 immunitatem.
969 1519 1026 1576 Sed
1039 1526 1069 1575 et
1081 1522 1187 1591 eosqui
1198 1538 1308 1592 semper

136 1590 171 1644 ad
184 1590 269 1642 illurn
280 1594 396 1658 propter
406 1588 648 1658 praedicationem
661 1595 746 1658 atque
764 1589 921 1643 doctrinam
935 1587 1157 1656 conveniebant,
1175 1589 1307 1644 maxime·

136 1675 188 1727 que
203 1674 276 1726 quos
290 1655 402 1710 sciebat
414 1655 523 1709 divitiis
541 1655 685 1711 abundare
702 1661 731 1710 et
752 1656 851 1728 largiri
889 1673 952 1710 osse
970 1655 1151 1723 hortabatur,
1167 1673 1202 1709 ue
1221 1658 1308 1711 semel

136 1731 237 1779 sancto
249 1724 393 1794 baptismo
402 1730 538 1804 purgatos
554 1723 680 1778 sinerent
691 1723 807 1793 publice
826 1741 843 1778 a
870 1723 970 1777 udaeis
980 1723 1092 1794 inopiae
1103 1740 1189 1778 causa
1198 1723 1307 1790 nutriri,

137 1791 1308 1914 {filttt‘lffltnt‘tlttttttltptt{lltttttttttalltttrdtttt

138 1927 167 1980 id
180 1878 333 1980 dummgt
345 1926 453 1980 lucrum
465 1932 607 1996 putarent,
621 1926 697 1996 quod
708 1926 738 1980 in
750 1943 799 1981 eos
811 1926 1026 1997 impendissent.
1256 1898 1263 1925 ’

205 2009 297 2065 CLII.
321 2008 392 2064 Cum
405 2027 473 2082 ergo
485 2011 527 2064 ita
539 2017 639 2082 ageret
657 2015 774 2064 sanctus
787 2009 918 2065 Clemens
931 2017 961 2065 et
973 2011 1015 2065 ita
1027 2011 1057 2064 in
1071 2009 1194 2064 omnium
1206 2010 1308 2066 animis

137 2087 214 2134 esset
228 2077 404 2132 constitutus
417 2085 502 2149 atque
515 2078 587 2132 adeo
599 2096 656 2132 non
667 2084 778 2132 tantum
789 2077 975 2146 Christianos,
989 2079 1040 2132 sed
1049 2077 1155 2133 etiami
1177 2095 1223 2132 sos
1233 2079 1308 2134 Gen-

136 2147 202 2202 tiles
216 2164 251 2201 ac
264 2146 387 2200 Iudaeos
403 2163 420 2200 a
437 2165 488 2201 sna
505 2146 600 2200 anima
617 2153 646 2200 et
659 2146 758 2218 lingua
773 2147 932 2218 pendentes
944 2146 1062 2201 haberet
1090 2163 1141 2216 per
1153 2097 1309 2201 Cisinnium

136 2215 218 2268 illum
232 2215 306 2285 (erat
319 2219 415 2268 autem
427 2214 452 2267 is
464 2214 572 2268 amicus
585 2213 695 2269 Nervae
708 2220 737 2268 et
749 2232 822 2268 unus
832 2231 866 2268 ex
875 2213 1063 2268 familiaribus
1089 2215 1153 2268 odio
1165 2219 1194 2268 et
1204 2215 1308 2269 calum·

135 2282 191 2336 niis
209 2281 377 2352 petebatur,
398 2282 510 2351 quando
528 2281 678 2353 coniugem
695 2281 875 2336 Theodoram
891 2280 1032 2336 Sisinnius
1045 2281 1135 2335 sensit
1152 2280 1309 2336 Clementis

136 2349 287 2404 doetrinae
305 2365 399 2403 amore
417 2355 529 2419 captam
542 2366 618 2415 esse,
638 2356 668 2404 et
680 2350 792 2404 domum
805 2349 932 2419 quidem,
951 2349 1055 2402 liberos
1068 2366 1102 2402 ae
1114 2348 1205 2402 virum
1217 2349 1309 2419 negli-

136 2435 214 2498 gere,
228 2423 321 2471 totam
333 2433 399 2470 vero
413 2415 554 2471 Clementi
566 2417 727 2484 adhaerere,
741 2417 854 2471 adeum
868 2415 983 2469 assiduo
998 2415 1162 2480 adventare,
1181 2415 1309 2483 adeoque

136 2505 165 2539 m
176 2486 275 2540 animo
289 2501 339 2537 suo
352 2500 463 2554 semper
474 2485 554 2538 illum
566 2484 753 2554 spiritualiter
769 2483 849 2536 ferre.
885 2481 925 2534 At
943 2481 1106 2547 Theodora,
1126 2497 1198 2550 quae
1217 2482 1308 2535 suavi·

135 2559 196 2608 tate
210 2553 329 2624 linguae
342 2569 376 2605 ac
388 2551 534 2606 verborum
548 2550 704 2606 Clementis
717 2551 816 2604 illecta
829 2555 890 2603 erat
903 2547 1072 2628 Christoque
1089 2565 1140 2618 per
1157 2547 1238 2600 illum
1250 2565 1308 2602 ere·

136 2621 264 2687 diderat,
282 2619 428 2674 ardentius
444 2620 582 2690 pietatem
599 2637 633 2674 ca
654 2618 784 2684 essebat,
801 2616 946 2688 psallebat
963 2620 1111 2682 continue,
1128 2632 1183 2670 nec
1200 2615 1237 2670 ab
1249 2615 1310 2669 ulla

138 2687 369 2743 Christianorum
382 2687 605 2759 congregatione
617 2637 724 2742 aberat.

206 2771 312 2826 CLIII.
348 2770 489 2826 Sisinnius
506 2788 572 2826 vero
588 2771 686 2841 iniqua
703 2768 847 2839 zelotypia
860 2767 1023 2822 stimulatus
1039 2767 1159 2820 insidias
1172 2766 1308 2820 adversus

135 2857 253 2895 uxorem
265 2839 472 2906 meditabatur,
493 2839 671 2910 singulisque
690 2838 790 2891 diebus
803 2835 965 2890 armabatur
982 2852 1016 2889 eo
1028 2834 1144 2889 affeetu.
1181 2832 1308 2904 Cumque

136 2927 198 2964 eam
211 2906 367 2986 aliquando
380 2907 532 2962 abeuntem
545 2907 582 2961 ad
595 2906 724 2977 synaxim
736 2905 933 2970 observasset,
951 2903 1024 2957 olam
1038 2920 1100 2956 eum
1115 2901 1230 2955 famulis
1241 2901 1308 2971 'ipse

136 2991 250 3047 quoque
264 2993 294 3027 rn
307 2975 445 3055 templum
457 2976 602 3046 ingressus
616 2979 673 3040 est,
691 2979 724 3026 ut
737 2972 846 3026 curiose
859 2972 1014 3042 inquireret
1027 2978 1057 3024 et
1069 2970 1309 3024 animadverteret

136 3049 258 3108 cuneta,
280 3059 352 3112 quae
370 3061 400 3096 rn
417 3059 450 3095 eo
467 3047 643 3112 gererentur,
664 3057 791 3110 quasque
808 3040 845 3093 ob
863 3057 963 3094 causas
981 3039 1131 3093 Theodora
1144 3055 1178 3092 eo
1195 3037 1309 3092 assidue

137 3110 376 3182 proficisceretur.
413 3107 544 3163 Ceterum
560 3107 609 3162 ubi
627 3107 804 3163 admirabilis
823 3107 955 3162 Clemens
968 3107 1082 3161 solitam
1099 3105 1250 3162 confestim
1265 3123 1308 3160 sa-

137 3196 248 3234 crorum
267 3177 433 3248 hymnorum
456 3175 611 3230 orationem
626 3177 771 3246 praefatus
789 3181 849 3242 est,
875 3173 1016 3229 Sisinnius
1035 3191 1136 3228 caecus
1158 3191 1192 3228 ac
1209 3173 1308 3226 surdus

138 3247 219 3300 illico
233 3244 357 3299 effectus
370 3250 415 3298 est
427 3243 481 3310 ita,
494 3249 526 3296 ut
537 3261 591 3297 nec
603 3243 714 3310 audire,
727 3261 781 3296 neo
793 3243 890 3295 videre
903 3247 1008 3310 posset.
1045 3241 1260 3308 Conversusque
1273 3239 1310 3292 ad

137 3314 262 3369 famulos
274 3311 446 3366 Prehendite
458 3327 517 3378 me,
534 3311 640 3381 inquit,
654 3311 732 3366 etad
745 3311 856 3362 domum
868 3325 954 3361 manu
966 3307 1112 3372 deducite3
1135 3307 1239 3384 quippe
1252 3323 1308 3358 ma-

140 3383 199 3436 lum
212 3379 331 3450 aliquod
343 3380 373 3433 in
384 3396 429 3433 me
441 3379 549 3433 irruens
562 3397 655 3450 neque
667 3378 774 3443 audire,
787 3391 879 3444 neque
893 3389 1007 3428 cernere
1020 3373 1168 3442 permittit.

138 3607 166 3668 C,
185 3605 231 3670 qui
250 3603 416 3660 solatietur
442 3619 489 3653 om.
510 3598 650 3665 Is.7,14.
671 3630 705 3638 -
747 3598 775 3668 5)
788 3592 958 3715 apodrlsmvc
975 3596 1073 3646 videtur
1090 3612 1143 3646 esse
1158 3595 1185 3645 in
1198 3595 1226 3658 C,
1244 3593 1310 3658 quod

138 3671 163 3736 8)
187 3666 258 3724 ἀλλὰ
281 3667 468 3741 ἀναφαίρετον
491 3672 522 3720 D.
546 3698 581 3706 —-
602 3665 630 3736 9)
653 3666 705 3720 οὖν
747 3669 878 3784 grasseren
896 3682 945 3714 um.
962 3692 995 3700 -
1012 3661 1038 3728 6)
1050 3663 1310 3734 βαπτιζομένοιςΙ).

138 3741 216 3790 inser·
228 3739 294 3789 BCD
307 3745 332 3788 et
344 3739 375 3788 al.
388 3755 427 3804 ap.
442 3739 495 3788 Cot.
507 3766 541 3773 -
562 3733 606 3802 10)
621 3737 704 3799 Signi·
765 3732 775 3802 l
790 3731 840 3800 τὴν
852 3751 899 3785 om.
914 3733 940 3783 C.

139 3808 199 3858 licat
211 3803 388 3873 ὑπέρχεσθαί
397 3823 467 3866 τινα,
480 3806 507 3856 in
517 3805 623 3855 alicuius
636 3821 705 3853 men·
799 3829 859 3894 Cap¹
883 3826 959 3876 CLII·
1006 3821 1032 3892 1)
1068 3826 1178 3875 amm„
1212 3823 1242 3871 Ι),
1276 3848 1309 3857 ..

139 3881 191 3925 tem
207 3874 321 3954 subire,¹
335 3889 440 3952 eumque
470 3873 589 3938 obsequio
619 3887 706 3954 capere
748 3892 775 3962 2)
807 3897 901 3963 Νέργα
931 3909 977 3942 cr·
1009 3893 1039 3942 D.
1071 3919 1105 3927 -
1141 3889 1168 3955 3)
1191 3891 1311 3944 Μίνως

139 3959 168 3992 ae
193 3943 244 3992 srbr
267 3941 399 3992 devmorre.
436 3943 485 3990 Oct.
512 3967 545 3974 —
573 3935 617 4005 11)
642 3940 705 3990 ασέ-
748 3965 779 4013 D¹
815 3990 847 3998 ,-
885 3957 914 4026 4)
943 3955 1027 4011 πάλιν
1056 3959 1125 4008 dees,
1153 3957 1180 4006 in
1208 3957 1239 4004 ΕΙ,
1269 3970 1309 4020 ,p-

139 4016 217 4074 βω
229 4011 259 4060 Β·
749 4031 803 4081 Cot.
819 4057 854 4065 -
871 4023 900 4093 5)
920 4025 1018 4079 rodom.
1039 4027 1066 4075 C.
1081 4052 1114 4060 —
1132 4019 1160 4087 6)
1176 4034 1309 4087 κατασχε-

194 4129 253 4196 oqp.
268 4127 330 4176 om.
367 4122 393 4192 ι)
405 4123 545 4208 pertusa.
559 4125 624 4176 sco
637 4124 706 4175 aar.
750 4097 871 4149 ⁹⁵³⁰“01
929 4185 968 4234 m
1022 4179 1035 4231 l
1128 4182 1140 4230 ί
1222 4179 1244 4228 D

141 4189 706 4328 tltttzflttttttttattl:r
749 4252 777 4323 2)
801 4187 1019 4324 llnllaa
1038 4179 1204 4308 l.‘¹‘3”l‘›
1236 4215 1309 4299 aa.

145 4355 178 4365 -—
208 4325 237 4396 4)
261 4325 338 4397 αὐτῷ
362 4346 387 4396 p.
418 4325 490 4398 πρὸς
512 4323 597 4381 αὐτὸν
619 4327 650 4376 D.
672 4352 707 4362 —-
751 4339 810 4381 νιος
823 4324 853 4374 D.
