3126 4894
589 270 743 320 senous
761 271 871 320 Paroa.
1280 257 1320 320 75

211 415 319 470 CXIII.
355 414 394 469 Et
407 433 461 487 ego
475 415 547 468 dixi:
568 415 598 470 Si
612 415 719 470 Genesi
732 424 835 472 cuncta
849 418 981 484 subsunt,
999 417 1108 488 hocque
1125 419 1166 474 ita
1182 437 1245 474 osse
1257 437 1318 490 pcr-

147 503 254 539 suasum
272 484 381 551 habes,
402 490 497 538 tecum
516 484 674 554 pugnantia
693 487 804 556 cogitas
824 492 852 538 ct
870 485 1003 539 consulis.
1038 485 1151 540 Etenim
1175 487 1198 539 si
1221 495 1319 542 contra

146 551 245 607 Natale
260 569 298 606 ne
313 554 419 605 sentire
433 552 547 620 quidem
559 569 717 621 possumus,
732 571 780 606 cur
791 553 896 607 frustra
909 552 1021 608 laboras
1035 554 1064 606 id
1074 554 1157 607 nobis
1170 555 1318 608 consulen-

146 621 187 687 do,
199 620 279 690 quod
290 619 355 673 fieri
369 621 482 673 omnino
495 618 614 688 nequit?
633 619 796 683 Quinetiam
814 622 838 674 si
850 620 994 676 Nativitas
1009 622 1154 688 subsistit,
1171 621 1231 674 noli
1243 621 1272 674 in
1285 639 1319 675 eo

145 705 245 742 navare
259 704 386 757 operam,
399 693 431 740 ut
443 688 615 757 persuadeas
628 687 706 756 mihi,
719 707 755 742 ne
768 690 859 744 colam
873 695 1010 742 astrorum
1020 689 1172 755 domiuum,
1185 688 1252 758 quia
1264 689 1319 742 etsi

145 756 227 809 velim
240 773 300 809 non
314 754 388 822 fieri,
401 755 464 808 fieri
476 771 533 808 non
544 759 649 825 potest.
684 756 801 828 Semper
812 757 887 810 enim
900 757 974 826 quod
988 757 1100 824 subest,
1114 758 1140 810 ei
1153 756 1228 826 quod
1240 773 1319 827 prae-

144 829 185 876 est
196 841 230 877 ac
246 823 339 889 ducit,
351 829 452 894 pareat
464 839 583 876 necesse
595 823 690 877 habet.
727 824 811 878 Certe
825 825 952 878 venerari
969 841 1032 892 eos,
1069 825 1099 878 ui
1117 825 1156 878 dii
1192 829 1318 891 utantur,

144 890 251 944 Genesi
265 891 434 945 dominante
448 890 619 960 superfluum
630 898 681 944 est.
718 892 817 961 Neque
831 892 906 946 enim
917 898 1030 964 praeter
1042 841 1071 946 id
1084 893 1159 964 quod
1172 843 1245 948 l'ato
1257 893 1318 962 pla-

144 964 187 1012 cet
199 959 360 1028 quidquam
377 957 425 1025 fit,
443 975 535 1026 neque
555 959 611 1029 ipsi
629 959 774 1030 quidpiam
787 959 880 1014 facere
892 965 1021 1031 possunt,
1034 961 1082 1031 qui
1093 961 1248 1016 universali
1262 960 1318 1016 Ge·

142 1025 200 1080 nesi
214 1043 287 1079 suae
301 1026 362 1080 sint
375 1026 506 1080 subiecti.

206 1091 318 1146 CXIV.
348 1094 429 1148 Haec
442 1112 505 1148 cum
522 1094 598 1148 inter
614 1111 666 1147 nos
679 1094 868 1164 loqueremur,
885 1095 987 1166 ingens
1003 1095 1146 1150 hominum
1164 1096 1318 1150 multitudo

143 1161 223 1214 simul
237 1161 374 1232 ingressa
386 1167 438 1214 est.
463 1161 510 1214 Ad
522 1179 605 1230 quam
618 1161 719 1215 Petrus
730 1163 887 1232 respiciens
901 1165 987 1218 dixit:
1006 1164 1069 1234 Ego
1082 1171 1110 1217 et
1123 1181 1213 1235 genus
1225 1181 1318 1218 meum

143 1229 308 1297 accepimus
322 1246 339 1282 a
351 1229 505 1283 maioribus
518 1230 625 1282 cultum
638 1229 694 1282 Dei
708 1236 737 1284 et
750 1236 931 1311 praeceptum
943 1232 1094 1297 babemus,
1109 1249 1145 1284 ne
1158 1230 1239 1284 Ortui
1252 1249 1317 1286 con-

141 1295 277 1362 fidamus,
295 1296 488 1368 astrologicae
512 1297 626 1376 inquam
644 1297 828 1368 disciplinae3
853 1299 960 1354 idcirco
981 1299 1018 1352 ad
1036 1315 1097 1352 eam
1114 1299 1238 1352 animum
1261 1317 1318 1352 non
1362 1303 1365 1310 ’

141 1363 278 1434 applicui.
317 1363 409 1428 Quare
423 1363 595 1440 astrologiae
609 1383 665 1418 non
679 1383 738 1418 sum
751 1365 873 1435 peritus,
891 1385 1007 1436 quorum
1019 1372 1113 1420 autem
1125 1366 1256 1436 peritiam
1269 1365 1317 1420 ha-

140 1432 206 1498 beo,
226 1447 264 1485 ea·
276 1448 424 1502 exponam.
460 1431 515 1485 Aio
526 1433 646 1552 quippe,
659 1451 710 1502 per
721 1434 779 1486 Dei
791 1433 998 1502 providentiam
1010 1433 1201 1488 administrari
1214 1434 1317 1499 omnia,

141 1505 169 1553 et
185 1516 419 1569 unumquemque
437 1518 524 1554 secun
545 1519 591 1553 um
608 1518 642 1554 ea
660 1518 731 1570 quae
752 1501 823 1554 facit
838 1503 993 1571 praemium
1010 1501 1056 1554 vel
1071 1502 1240 1570 supplicium
1254 1518 1317 1554 esse

140 1575 302 1620 nacturum.
335 1565 401 1622 Sive
414 1575 509 1622 autem
521 1586 605 1636 nunc,
619 1569 678 1623 sive
692 1575 721 1623 et
732 1568 862 1639 posthac,
874 1569 946 1622 nihil
958 1586 1022 1622 mea
1034 1569 1162 1634 interest,
1174 1567 1231 1621 nisi
1243 1568 1317 1637 quod

139 1635 258 1688 omnino
270 1636 409 1706 unusquis
429 1653 465 1690 ue
477 1636 600 1690 fructum
613 1653 708 1691 eorum
720 1653 791 1707 quae
802 1637 924 1708 gesserit
957 1636 1089 1716 ercipiet3
1102 1635 1317 1690 Demonstratio

138 1709 252 1768 autem,
269 1719 328 1756 non
340 1720 403 1758 esse
446 1704 567 1771 enesim,
583 1704 655 1758 haec
669 1711 727 1758 est:
746 1706 789 1758 Ex
805 1656 987 1759 adstantibus
1006 1721 1106 1774 srqu1s
1119 1704 1209 1757 oculis
1223 1703 1261 1756 sit
1274 1719 1316 1756 or—

138 1770 236 1836 batus,
251 1776 303 1824 aut
314 1789 428 1824 manum
440 1771 546 1826 habeat
558 1773 732 1838 mutilatam,
752 1778 802 1826 aut
818 1775 921 1843 pedem
934 1772 1079 1839 claudum,
1097 1772 1188 1825 autin
1202 1771 1317 1840 corpore

139 1837 255 1907 aliquid
271 1837 352 1890 aliud
368 1839 443 1908 quod
460 1857 477 1893 a
495 1839 616 1894 medicis
632 1840 723 1894 curari
735 1857 791 1893 non
802 1841 904 1920 possit,
917 1859 1008 1911 noque
1021 1841 1056 1894 ab
1070 1839 1236 1910 astrologis,
1250 1854 1316 1906 quo-

139 1906 218 1958 niam
231 1921 286 1958 nec
300 1905 336 1959 ab
350 1907 425 1960 omni
438 1907 534 1962 seculo
547 1907 605 1961 tale
618 1908 687 1977 quid
700 1909 832 1979 contigit,
846 1925 900 1980 ego
913 1909 1006 1962 Deum
1017 1913 1150 1978 precatus
1162 1906 1316 1961 remedium

138 1972 305 2042 praestabo.
324 1973 367 2028 Ea
378 1991 444 2028 vero
456 1992 487 2028 re
500 1976 735 2044 quemadmodum
748 1976 793 2030 aio
806 1977 892 2043 faeta,
906 1993 998 2030 nonne
1012 1981 1115 2042 errant,
1129 1976 1177 2046 qui
1190 1975 1219 2028 in
1232 1991 1317 2028 cunc·

138 2047 235 2093 torum
251 2039 384 2162 opificem
401 2043 495 2096 Deum
516 2043 672 2098 maledicta
692 2049 722 2098 et
742 2043 936 2114 blasphemias
959 2043 1135 2099 coniiciunt?
1157 2041 1317 2112 Respondit

139 2125 247 2161 senex:
289 2109 387 2164 cilicet
405 2110 435 2162 id
452 2116 496 2164 est
513 2111 668 2166 maledicta
686 2111 826 2178 conferre,
849 2113 943 2166 dicere
962 2112 1117 2166 Geniturae
1135 2110 1239 2164 subiici
1255 2109 1316 2163 uni-

138 2174 246 2229 versa?
265 2175 339 2228 Tum
356 2194 410 2249 ego
429 2178 556 2232 adeum:
584 2178 706 2232 Omnino
719 2185 771 2233 est.
806 2179 879 2234 Nam
897 2181 920 2232 si
938 2197 1035 2234 omnes
1052 2178 1197 2233 hominum
1210 2194 1316 2232 errores

139 2249 171 2296 et
184 2243 352 2313 impietates
365 2251 394 2300 et
408 2245 604 2315 impudicitiae
618 2264 652 2300 ex
664 2247 767 2313 stellis,
781 2247 1015 2316 quemadmodum
1026 2251 1059 2300 tu
1070 2247 1122 2312 ais,
1136 2248 1272 2311 oriuntur,
1284 2249 1317 2296 ut

138 2315 239 2364 autem
252 2328 286 2366 ea
299 2311 407 2366 faciant
420 2313 536 2379 stellae,
554 2332 571 2367 a
583 2314 647 2368 Deo
665 2315 851 2368 constitutum
863 2315 931 2381 fuit,
948 2332 1002 2384 quo
1015 2321 1180 2367 cunctorum
1192 2313 1316 2388 flagitio3

137 2395 203 2430 rum
216 2377 379 2434 effectrices
393 2380 460 2447 sint,
480 2382 602 2434 omnium
616 2388 692 2436 certe
706 2383 814 2436 delicta
826 2382 863 2436 ad
882 2399 944 2436 eum
960 2381 1073 2435 omnino
1087 2381 1254 2444 referuntur,
1268 2395 1316 2447 qur

143 2445 176 2498 in
189 2447 276 2498 astris
310 2448 417 2502 osuerit
431 2448 572 2502 Genesim.

209 2511 232 2565 G
294 2555 299 2565 .
335 2514 373 2568 Et
391 2533 490 2569 senex:
510 2516 614 2570 Verum
631 2516 689 2584 ais3
711 2516 762 2569 sed
784 2514 859 2569 omni
878 2521 944 2568 tuae
961 2512 1178 2584 incomparabili
1200 2511 1313 2565 demon-

139 2580 274 2634 strationi
289 2599 353 2636 mea
365 2582 461 2638 obstat
474 2585 658 2638 conscientia.
693 2583 756 2655 Ego
770 2583 843 2637 enim
858 2582 905 2652 qui
921 2581 1082 2652 astrologus
1096 2598 1157 2646 sum
1169 2585 1198 2633 ot
1209 2579 1316 2633 Romae

140 2789 172 2831 a,
185 2777 274 2823 nostra
285 2773 356 2839 Epit.
367 2777 391 2822 et
403 2774 434 2822 al.
444 2790 482 2839 ap.
496 2770 628 2842 dot—4)
639 2775 712 2841 ἔχων
753 2770 792 2843 μὴ
811 2772 842 2825 δὲ
863 2777 919 2834 (om.
943 2771 973 2825 δὲ
993 2773 1068 2822 Ηοτο.
1091 2775 1115 2821 et
1131 2775 1217 2820 nostra
1234 2769 1315 2836 Epit.)

140 2842 221 2889 Hom.
234 2840 251 2889 1.
265 2856 297 2901 o.,
311 2846 396 2890 nostra
405 2843 474 2907 Epit.
488 2848 513 2892 et
522 2843 553 2891 al.
563 2855 602 2908 ap.
614 2843 667 2892 Cot.
677 2871 708 2878 -
753 2845 828 2893 Hom.
840 2843 857 2891 l.
870 2859 900 2903 α,
912 2845 998 2890 nostra
1009 2841 1079 2908 Epit.
1092 2845 1116 2888 ot
1128 2840 1159 2889 al.
1172 2855 1212 2906 ap.
1222 2839 1275 2889 Cot.
1284 2865 1312 2872 -

139 2902 171 2972 5)
184 2908 255 2974 λέγω
269 2907 344 2961 Hom.
363 2909 380 2957 l.
397 2917 426 2970 c.,'
448 2914 534 2960 nostra
549 2910 617 2976 Epit.
637 2917 662 2959 et
678 2911 709 2959 al.
753 2906 797 2978 13)
811 2913 887 2960 ἴασιν
898 2910 973 2959 Hom.
985 2910 1002 2958 l.
1019 2925 1048 2970 a,
1061 2913 1147 2958 nostra
1159 2908 1228 2990 Epit.
1247 2911 1272 2956 et
1282 2905 1314 2954 ul.

139 2991 182 3039 ap.
197 2975 253 3023 Cot.
270 3001 305 3010 —
321 2971 346 3036 6)
366 2972 463 3041 ἐπειδὴ
478 2979 588 3043 γένεσιν
600 2972 647 3029 ἀπ’
661 2976 709 3029 αὐ-
752 2995 791 3045 ap.
810 2979 865 3028 Cot.
889 3003 922 3012 —-
945 2973 989 3045 14)
1013 2971 1100 3029 ὁπότε
1122 2971 1220 3040 (ὁποτε
1243 2973 1313 3025 le

143 3041 193 3104 τῆς
208 3041 256 3105 τῆς
267 3038 335 3092 κατὰ
352 3045 463 3108 γένεσιν
476 3040 631 3112 ἐπιστήμης
642 3042 707 3097 ἀνα·
751 3053 850 3098 nostrae
861 3041 943 3113 Epit.)
961 3045 1124 3112 ἰκγενέσεως
1135 3037 1315 3112 κατόρθωσιν

140 3103 707 3179 aasentiasottv'vapaa,sott0pa1c'tttp
752 3109 784 3164 τὸ
820 3113 951 3165 τοιοῦτον
979 3110 1103 3181 (τοιοῦτο
1132 3111 1314 3162 textus'Hom.

139 3171 241 3244 τρόπῳ
254 3173 413 3242 ἀποδεῖξαι,
432 3174 474 3230 ὅτι
488 3174 557 3229 κατὰ
571 3173 709 3246 πρόνοιαν
752 3177 843 3248 Cotel.)
857 3178 993 3232 οὐδέποτε
1003 3174 1237 3248 λαβεῑνῆὃυνήθη.
1251 3172 1313 3228 τοὺ·
1360 3181 1363 3190 ’

138 3242 289 3294 διοικεῖται
315 3240 347 3294 τὰ
372 3241 523 3316 πράγματα
551 3247 625 3294 Hom.
642 3249 659 3298 l.
678 3265 707 3309 a,
752 3267 802 3299 τοο
826 3244 898 3299 οὕτω
921 3243 1019 3310 (οὕτως
1041 3248 1131 3306 Hom,
1161 3247 1192 3296 V.
1213 3249 1313 3293 nostrae

137 3318 227 3360 nostra
246 3313 316 3377 Epit.
338 3313 412 3362 et'al.
429 3329 468 3379 ap.
487 3314 541 3364 Cot.
560 3341 594 3349 -
615 3311 642 3382 7)
663 3317 708 3366 καὶ
750 3311 832 3381 Epit.)
856 3315 1010 3382 γενομένου
1030 3315 1105 3362 Hom.
1130 3313 1147 3360 l
1171 3326 1205 3372 a,
1228 3316 1315 3358 nostra

137 3379 209 3428 deest
224 3379 252 3428 in
269 3381 345 3429 Hom.
362 3381 380 3429 l.
398 3396 428 3442 a,
449 3387 535 3431 nostra
547 3382 616 3446 Epit.
635 3389 660 3432 et
674 3385 706 3432 al.
750 3383 819 3448 Epit.
838 3386 862 3430 et
879 3381 910 3428 al.
923 3397 962 3444 ap.
976 3381 1030 3428 Cot.
1048 3405 1083 3412 -
1101 3375 1142 3439 15)
1163 3372 1312 3441 ἀπεκρινά-

137 3463 178 3512 ap.
198 3447 253 3497 Cot.
271 3475 305 3484 -
325 3445 352 3508 8)
366 3443 518 3500 ἀπολαύσει
533 3443 644 3506 πάντως
655 3451 706 3499 inv.
748 3465 805 3518 μην
820 3465 844 3513 p.
868 3442 940 3514 πρὸς
960 3441 1046 3496 αὐτόν
1064 3445 1139 3492 Hom.
1154 3444 1172 3491 1.
1185 3458 1214 3504 o,
1228 3446 1314 3490 nostra

137 3515 168 3564 D.
186 3541 222 3550 ·—
244 3509 272 3580 9)
286 3511 584 3586 dqdalpdenotrae
599 3518 667 3582 Epit.
682 3522 707 3566 et
748 3517 818 3582 Epit.
839 3520 863 3565 et
881 3515 911 3563 al.
934 3530 973 3580 ap.
999 3513 1052 3563 dot.
1077 3539 1110 3546 —
1135 3504 1177 3577 16)
1198 3509 1244 3559 καὶ
1264 3525 1312 3557 0111·

136 3582 170 3630 al.
195 3598 235 3648 ap.
258 3583 312 3631 Cot.
338 3609 370 3620 -
399 3579 440 3649 10)
462 3577 479 3646 ἢ
501 3586 707 3652 πεπηρωμένην
748 3584 924 3648 BGD‚Hom.
939 3583 955 3632 l.
969 3598 1000 3644 a,
1013 3584 1098 3631 nostra
1115 3578 1178 3645 Epit
1191 3581 1215 3626 et
1226 3577 1258 3626 al.
1272 3592 1311 3642 ap.

137 3648 196 3714 ἔχοι
211 3651 286 3700 BOD
300 3657 325 3698 ot
338 3650 369 3699 al.
383 3667 422 3732 ap.
436 3651 500 3713 Cot,
514 3646 530 3715 ἢ
542 3648 642 3716 πολλὴν
655 3647 706 3714 τὴν
749 3653 802 3702 Cot.
812 3680 846 3688 —
857 3646 901 3718 17)
915 3649 943 3708 ἐξ
955 3648 1080 3720 ἀστέρων
1091 3649 1226 3714 γίνονται,
1241 3645 1269 3697 οἱ
1281 3643 1310 3696 δὲ

132 3721 216 3783 χεῖρα
228 3715 283 3784 ἔχει
299 3713 366 3785 (ἔχει
380 3734 431 3783 την
438 3723 521 3787 χεῖρα
529 3715 616 3786 Hom.)
630 3720 705 3768 Ηοοι.
747 3715 860 3788 ἀστέρες
873 3719 958 3771 ταῦτα
976 3723 1070 3770 ποιεῖν
1089 3711 1145 3768 ὑπὸ
1163 3713 1232 3767 θεοῦ
1249 3709 1310 3765 ἐτά-

136 3784 153 3832 l.
166 3801 197 3846 ο,
210 3791 297 3834 nostra
314 3785 384 3851 Epit.
398 3791 423 3836 et
436 3787 469 3836 al.
481 3801 521 3853 ap.
536 3787 598 3849 Cot,
612 3780 628 3850 ἢ
640 3788 704 3836 κυλ-
747 3802 836 3855 γησαν
849 3789 924 3836 Hom.
936 3789 953 3838 l.
966 3803 996 3849 c,
1010 3792 1095 3836 nostra
1106 3785 1176 3852 Epit.
1190 3788 1214 3832 et
1225 3783 1256 3831 al.
1270 3797 1309 3847 ap.

135 3846 187 3916 λὴν
201 3847 254 3916 τὴν
260 3856 342 3920 χεῖρα
354 3850 508 3920 &gennesar
516 3855 591 3904 Hom.
601 3854 661 3904 (iod.
674 3883 704 3888 —
749 3857 802 3905 Cot.
815 3881 849 3890 -
865 3851 909 3922 18)
917 3854 1052 3922 χαλεπῶν
1063 3870 1110 3903 om.
1123 3855 1153 3902 D.
1163 3878 1197 3886 -
1210 3847 1253 3916 19)
1265 3851 1309 3914 γί-

137 3917 180 3984 11)
195 3913 250 3988 ἄρα
261 3935 309 3969 om.
321 3921 398 3969 Hom.
411 3921 428 3970 1.
444 3937 473 3982 a,
490 3928 577 3972 nostra
594 3922 665 3988 Epit.
681 3927 706 3970 et
748 3938 851 3976 νωνται
864 3926 892 3984 Β,
905 3927 1031 3989 γίνονται
1050 3923 1103 3972 OD.
1120 3947 1155 3956 —-
1172 3913 1217 3984 20)
1236 3911 1309 3966 πάν-

134 3987 166 4036 al.
179 4003 220 4053 ap.
233 3983 618 4071 Cot.†12)iidnocrpo‹pi1v
631 3986 702 4057 πρὸς
746 4009 799 4048 τως
819 3985 872 4058 ἄρα
895 3993 939 4041 καὶ
962 4007 1010 4040 om.
1034 3992 1109 4038 Hom.
1131 3989 1147 4036 l.
1170 4001 1200 4046 a,
1223 3988 1310 4032 nostra

135 4057 212 4107 ἴασιν
240 4048 325 4106 πάλιν
352 4074 401 4107 ουκ
430 4054 499 4122 ἔχει,
525 4060 570 4107 καὶ
597 4053 702 4116 παντὸς
744 4058 814 4124 Epit.
831 4065 856 4108 et
872 4059 904 4107 al.
920 4075 959 4124 ap.
982 4058 1036 4106 Cot.
1053 4081 1086 4090 -
1108 4049 1153 4118 21)
1175 4051 1262 4101 θέντα
1280 4046 1310 4099 ἓν

136 4121 288 4188 ἰαματικοῦ
312 4119 433 4189 (launoii
455 4124 541 4187 Hom.)
567 4124 700 4191 dncyyr‘i-
744 4128 819 4177 Ηοτα.
832 4127 849 4174 l.
863 4142 893 4186 α,
906 4130 990 4174 nostra
1000 4124 1069 4188 Epit.
1083 4124 1107 4169 et
1116 4121 1147 4168 al.
1162 4134 1201 4183 ap.
1212 4115 1266 4165 (lot.

134 4207 225 4257 ματος
243 4184 321 4247 ἐκτός
341 4189 432 4242 ἐστιν·
458 4185 490 4243 ὃν
512 4188 578 4244 ouidi
599 4189 701 4258 ἀοτρο-
791 4195 856 4259 Cap.
879 4193 956 4242 CXV.
993 4187 1019 4248 1)
1040 4185 1208 4252 ἀπεκρίνατο
1232 4183 1307 4233 inser.

134 4251 211 4323 λόγοι
228 4251 358 4308 ἰάσασθαι
378 4255 485 4325 (ἰᾶσθαι
504 4261 589 4322 Hom,
608 4254 700 4312 Ιιὲοεα-
745 4263 819 4310 Hom.
837 4261 907 4319 XIV,
930 4256 958 4318 6,
977 4261 1063 4306 nostra
1082 4253 1151 4319 Epit.
1169 4257 1194 4302 et
1219 4255 1250 4304 al.
1268 4267 1307 4316 ap.

136 4331 183 4375 tm
205 4319 292 4374 nostra
308 4326 388 4392 Epit.)
405 4327 634 4394 ἐπαγγέλλονται,
658 4323 699 4378 ὅτι
745 4330 799 4379 Cot.
830 4356 863 4363 —-
886 4322 913 4391 ἓ)
940 4322 1050 4389 ἀληθῶς
1076 4315 1200 4392 μεγάλως
1226 4326 1309 4372 textus
