3162 4900
385 375 430 432 Ali
444 373 641 424 cremensis
655 375 736 424 ιιοιιι.
751 374 844 430 euru
857 375 933 424 unii.
946 375 1127 433 ricuinus.
1279 363 1341 425 309

164 530 229 579 σίαν
242 521 315 594 πρὸς
331 523 514 576 διδασκαλίαν
531 523 706 594 σοιγισδῆναι
721 520 845 576 δύναται.
883 519 1014 590 Ooiijicio
1035 522 1182 592 equidem:
1204 527 1280 579 εἰπὲ
1301 527 1341 590 δὲ,

162 599 243 654 εἴτις
255 590 292 644 δι’
307 588 372 644 ὀπτ.
384 593 451 643 cett.
486 587 562 642 iilud
574 588 755 659 aptissimum
767 595 810 642 est
828 590 865 642 ud
878 588 921 652 id,
939 589 1015 658 quod
1028 589 1168 660 sequitur:
1186 596 1232 646 καὶ
1248 596 1273 646 εἰ
1287 595 1341 664 μὲν

161 660 246 733 ἐρεῖς·
264 655 387 712 δύνατόν
402 657 481 712 έστιν
500 660 566 709 cett.
579 687 613 696 -
632 655 733 726 Neque
752 673 823 710 sana
838 673 895 709 non
913 661 993 724 sunt,
1011 674 1085 727 quae
1103 663 1261 728 sequuntur
1272 676 1297 712 v.
1310 660 1340 712 8:

162 729 223 787 πῶς
235 728 270 780 δέ
280 741 327 778 σοι
342 728 388 778 καὶ
404 719 596 795 πιστεύσομεν
611 723 694 787 αὐτὸ,
712 722 764 779 κᾶν
777 721 821 778 ὅτι,
835 723 918 809 ιύιγθη
931 742 994 788 σοι,·
1015 727 1075 786 πῶς
1092 726 1127 778 δέ
1142 743 1188 780 σοι
1199 731 1244 780 καὶ
1257 723 1340 796 ὤφθη

161 799 229 847 cett.
264 791 372 845 Teiitet
382 788 501 861 aliquis:
520 791 579 851 παῖς
594 792 629 845 δέ
644 810 688 846 σοι
704 797 749 846 καὶ
766 810 958 870 πιστεύσομεν
974 791 1041 848 αὐτὸ
1054 795 1177 857 έκεῖνο,
1198 790 1241 848 ὅτι
1255 793 1340 879 ιύψθιγ

162 877 223 924 σοι,·
235 863 295 920 πῶς
306 857 369 931 γὰρ
382 863 449 912 cett.
461 889 496 897 -
508 857 594 912 Porro
608 877 632 910 v.
647 858 680 912 13
692 857 874 912 scribendum
886 857 1014 912 videtur:
1033 865 1058 914 εὶ
1073 859 1133 933 γὰρ
1151 859 1197 914 νεὶ
1215 862 1288 916 εἰδὲ
1300 883 1340 932 μη

161 928 352 1000 ἀντικείμενος
371 922 414 993 ἀς,
438 941 539 978 vereor
560 927 635 978 enim
657 931 689 978 ut
705 925 865 996 asyndeton
886 925 955 980 ferri
978 931 1078 996 queat,
1097 934 1126 980 et
1144 945 1170 980 v.
1188 928 1234 981 16:
1259 929 1341 984 εἰδὲ

160 998 393 1066 κατεγνωσμένον
403 1013 440 1064 με
452 997 547 1064 λέγεις,
561 1009 655 1112 neque
670 991 744 1046 enim
757 993 937 1048 tolerandum
950 1001 1002 1059 est,
1016 995 1091 1065 quod
1106 993 1273 1052 ediderunt:
1286 993 1303 1063 ἢ
1316 1000 1340 1050 εἰ

160 1065 393 1134 κατεγνωσμένον
401 1080 437 1132 με
447 1065 542 1132 λέγεις.
560 1061 602 1113 Εο
625 1078 669 1114 cin
679 1077 762 1114 versu
773 1060 1001 1131 obtemperatum
1013 1063 1140 1132 oportuit
1149 1061 1339 1133 Sehweglero,

161 1129 313 1248 legendqm
330 1143 394 1182 esse
412 1127 554 1181 censenti:
578 1127 622 1200 μὴ
641 1128 870 1199 εὐδοκιμοῦντος,
889 1136 967 1183 certe
983 1128 1119 1184 librorum
1141 1129 1282 1199 scriptura
1299 1129 1339 1182 in·

162 1203 230 1252 ete
243 1213 296 1250 es.

178 1215 197 1268 p
230 1264 261 1316 P.
274 1263 360 1327 3521
379 1279 437 1316 non
454 1267 517 1315 eret
538 1261 614 1332 negli
638 1261 712 1316 ende
730 1261 837 1317 codicis
855 1261 879 1316 Ο
898 1263 1052 1333 scriptura:
1076 1267 1199 1333 καταψέρ
1224 1304 1230 1326 ,
1252 1279 1339 1334 quum

145 1335 374 1403 ’καταιγέρεσύαί
388 1350 464 1390 τινος
476 1327 562 1382 etiem
578 1280 648 1384 aiiii
661 1329 817 1395 significet:
853 1331 890 1383 im
913 1337 988 1384 etum
1001 1329 1111 1392 facere,
1131 1284 1225 1384 invedi
1244 1330 1273 1383 iii
1286 1330 1338 1384 sli-

164 1403 277 1469 quem“,
291 1397 341 1451 cfr.
356 1397 443 1451 Thes.
458 1395 591 1464 stephan.
607 1397 673 1451 edit.
686 1398 775 1452 Paris.
788 1370 877 1452 vossi
906 1416 952 1467 ‚p.
967 1397 1023 1465 128,
1038 1405 1060 1448 7.
1079 1427 1113 1436 —
1129 1396 1217 1451 Porro
1235 1396 1265 1450 iii
1277 1415 1337 1452 vcr-

162 1466 221 1520 bis:
233 1469 360 1538 ἐπείπερ
374 1465 481 1534 ἀληθῶς
494 1468 528 1538 τῇ
540 1463 655 1535 ἀλιγίλείιγ
670 1468 836 1536 συνεργῆσαι
849 1469 948 1527 θέλεις,
962 1465 1028 1534 jure
1041 1463 1162 1518 offendit
1175 1463 1336 1536 Schwegle·

162 1551 219 1586 rus.
259 1534 299 1584 At
323 1531 455 1602 equidem
477 1532 592 1595 dubito,
617 1550 683 1584 num
708 1549 754 1600 eo,
785 1532 860 1602 quod
885 1531 1049 1600 proposuit,
1074 1531 1228 1601 genuinam
1252 1531 1338 1601 hujus

162 1599 307 1669 scriptoris
320 1616 432 1652 monum
443 1598 602 1653 restituerit
647 1597 756 1653 Censeo
774 1605 869 1653 autem
886 1599 981 1654 locum
1000 1599 1030 1651 in
1046 1597 1121 1651 huno
1137 1597 1196 1652 fere
1214 1600 1339 1668 speciem

163 1683 227 1721 esse
244 1665 455 1737 retingendum:
474 1670 537 1722 ἐπεὶ
557 1666 669 1737 πάρει,
691 1674 787 1734 εἴπερ
808 1667 917 1734 ἀληθῶς
938 1671 1005 1720 cett.
1026 1698 1060 1707 -
1083 1665 1116 1720 V.
1135 1668 1152 1719 5
1170 1683 1210 1736 sq.
1229 1666 1339 1720 mireris

162 1741 297 1804 tanquam
309 1751 379 1787 sunu
391 1733 469 1788 edita
482 1750 545 1788 esse
557 1733 628 1789 haec
640 1733 743 1788 verbe:
762 1733 779 1789 ἀ
796 1737 827 1790 δὲ
840 1733 876 1796 ὡς
887 1734 1043 1808 μανθάνων
1055 1733 1213 1856 διετιθέμην,
1228 1740 1274 1790 ἵνα
1287 1737 1338 1789 idai

1153 1821 1161 1855 i

163 1807 230 1855 cett.
266 1801 361 1854 Primo
375 1800 458 1867 enim,
472 1800 587 1885 opinor,
606 1801 710 1856 obtutu
721 1807 854 1871 apparet,
873 1807 940 1872 post
953 1800 970 1856 ἀ
982 1804 1013 1858 δὲ
1031 1802 1132 1858 interci
1164 1819 1210 1857 sse
1224 1801 1338 1856 verbum

163 1867 333 1996 talepqiqablg
343 1871 716 1990 qsqggieqqqqquribendum
730 1935 781 1988 sit:
795 1939 844 1991 int
856 1942 952 1997 ποίαις
963 1919 1080 2010 πράξεσι
1093 1940 1173 1992 δοκεῖ
1183 1955 1229 1992 σοι
1242 1936 1257 1992 ὁ
1270 1936 1337 2006 ἀγα-

145 2077 147 2082 Ι
163 2003 218 2066 etc
227 2002 451 2082 ἀγαθὸςεῖιάι,
464 2006 512 2082 ιἐπὶ
526 2011 621 2064 ποίαις
633 2005 663 2060 δὲ
676 2009 720 2058 καὶ
733 2003 748 2058 ὁ
762 2006 870 2064 δίκαιος
882 2005 996 2066 δίκαιος,
1010 2021 1083 2073 quoe
1095 2010 1239 2074 postrema
1251 2003 1339 2058 verba

164 2071 206 2124 sic
218 2071 353 2141 leguntur
365 2088 395 2124 in
407 2070 505 2124 codice
517 2068 548 2124 Ο.
559 2102 592 2110 -
605 2070 638 2124 V.
652 2072 683 2123 11
697 2087 756 2140 sqq.
775 2087 848 2141 quae
866 2071 1001 2140 leguntur
1017 2073 1105 2126 verba
1123 2071 1216 2125 Petri:
1238 2077 1285 2128 ἵνα
1300 2072 1340 2144 μὴ

164 2138 377 2210 ἐριστικώτερον
390 2138 588 2224 διαλεγόμενος
599 2141 717 2194 danuvii
728 2137 794 2200 τοὺς
800 2137 931 2229 χρόνους,
941 2139 1067 2196 ἀπαιτῶν
1076 2141 1189 2201 δικαίως
1199 2141 1255 2195 τῶν
1265 2141 1340 2226 ἀμῶν

161 2205 327 2278 προτάσεων
344 2227 373 2260 σε
393 2205 439 2267 τὰς
455 2213 618 2276 αποκρίσεις
634 2213 793 2272 ποιεῖσθαι,
815 2229 851 2268 ως
873 2224 919 2261 σοι
940 2209 1020 2262 δοκεῖ
1035 2207 1117 2268 αὐτὸς
1135 2197 1175 2261 ὧν
1187 2210 1337 2286 έπυθομρν

161 2273 320 2394 ποιψγομαι
333 2271 684 2395 τάςάποκρᾶίσειςκῒοιιειιιιι
697 2273 781 2356 qbest
794 2281 826 2327 ut
838 2281 954 2391 recqrpta
964 2273 1121 2393 ptrobqiqilib
1119 2273 1244 2392 lectique
1257 2275 1338 2328 codi-

162 2359 205 2395 cis
256 2360 286 2394 iu
304 2358 363 2394 mar
385 2359 430 2395 uie
450 2359 467 2394 a
490 2359 542 2394 scri
578 2359 608 2394 a:
626 2362 648 2395 π
667 2359 790 2396 οτασεωιι
817 2357 933 2394 sunaus
952 2359 976 2393 si
1023 2359 1040 2394 u
1080 2359 1102 2391 ri
1124 2358 1156 2392 us
1175 2356 1338 2393 eicmnunc

162 2409 275 2462 mendis
289 2358 409 2463 laboiffrt.
426 2408 470 2462 Ac
482 2359 603 2479 priiidum
615 2363 730 2478 quidem
741 2381 917 2476 pro⁷diiiatwr
930 2381 1111 2462 scridendum
1124 2412 1181 2460 est:
1195 2411 1338 2472 οἰκείως,

162 2477 241 2548 quod
259 2482 338 2530 arcte
351 2477 573 2530 construendum
592 2493 655 2529 cum
674 2478 754 2532 τῶνέ
778 2479 817 2532 οἷν
830 2475 1006 2545 προτάσεων,
1027 2473 1082 2528 hoc
1096 2490 1182 2527 sensu
1195 2491 1338 2545 „congru-

161 2550 243 2598 enter
256 2560 319 2596 cum
333 2543 403 2598 meis
415 2542 687 2613 propositionibus.“
722 2497 860 2597 Adverbii
878 2549 985 2604 ornetur
1000 2541 1157 2596 constructi
1174 2558 1238 2595 cum
1257 2541 1337 2621 geni-

160 2611 236 2678 tivo,
261 2628 344 2680 quem
371 2616 400 2664 et
425 2610 600 2681 edJectivum
630 2616 732 2673 οἰκεῖος
755 2610 841 2680 regit,
870 2627 948 2664 exem
971 2611 999 2664 la
1024 2609 1160 2663 nonnulle
1187 2615 1336 2680 congessit

161 2680 195 2733 L.
213 2676 378 2757 Dindoriius
395 2678 534 2757 Theseus.
553 2679 686 2747 Stephon.
701 2679 744 2733 ed.
762 2679 852 2732 Paris.
865 2679 930 2732 Vol.
943 2629 977 2745 ie,
991 2696 1018 2746 p.
1032 2678 1106 2732 1177.
1137 2677 1251 2732 Deinde
1270 2683 1337 2746 post

161 2755 309 2802 ποιεῖσθαι
322 2745 503 2800 intercidisse
516 2745 628 2799 videtur
640 2746 696 2800 tale
711 2745 794 2816 quid,
812 2747 895 2814 quale
913 2752 968 2800 est:
990 2751 1043 2800 καὶ
1060 2743 1117 2816 μὴ,
1135 2749 1244 2814 etpost
1256 2747 1338 2798 δοκεῖ

160 2815 274 2884 virgula
292 2812 482 2894 incidendum.
518 2812 650 2898 Denique
667 2831 718 2882 pro
738 2803 778 2870 οἷν
792 2813 986 2882 reponendum
1004 2812 1084 2866 dices
1103 2821 1164 2866 aut:
1185 2815 1265 2884 περὶ
1286 2802 1335 2878 ὧν,

162 2881 343 3016 ”Ut’df'ddif
344 2880 518 3002 ὀοάάύάάυάὶ
530 2904 585 3018 ,tt
594 2947 745 3022 διαφόροις
758 2947 939 3002 sarriendum
952 2948 1002 3002 sit:
1018 2946 1203 3020 ωιφερας.
1215 2977 1250 2986 -
1261 2946 1295 3002 v.
1305 2945 1337 2998 ie

164 3017 348 3095 scribendum
368 3017 471 3088 aliquis
490 3015 584 3096 dicet:
605 3017 650 3072 ὅτι.
672 3019 717 3087 τῷ
732 3017 821 3096 αύτῷ
834 3020 940 3096 ιἔστιν
960 3017 1058 3086 ἀγαθῷ
1076 3019 1145 3071 ελναι
1164 3021 1209 3070 καὶ
1230 3016 1336 3084 δικαίῳ.

162 3085 273 3138 Eadem
285 3089 397 3137 ratione
410 3101 511 3139 sanare
525 3083 595 3138 licet
607 3085 709 3153 locum,
723 3103 771 3164 qui
783 3085 889 3156 legitur
901 3104 927 3154 p.
940 3085 999 3153 355,
1012 3086 1029 3138 8
1042 3101 1083 3154 sq.

230 3151 262 3204 P.
274 3152 332 3217 355,
345 3151 362 3203 5
374 3169 430 3205 ιιοιι
442 3153 533 3219 video,
547 3169 597 3206 cur
608 3151 773 3206 Dresselius
787 3169 844 3204 non
857 3152 943 3205 etiam
956 3153 1029 3222 τήρει
1041 3151 1181 3220 receperit
1190 3168 1224 3204 ex
1237 3149 1336 3204 codice

163 3218 187 3273 Ο
211 3219 279 3288 quip
301 3235 316 3272 e
349 3220 405 3273 uod
422 3236 513 3290 aeque
530 3224 617 3290 etque
631 3226 669 3281 εἰς
680 3219 840 3288 reperiatur
852 3219 915 3272 loco
929 3235 1029 3272 sacrae
1043 3215 1216 3286 Scripturae,
1230 3217 1279 3285 qui
1292 3223 1337 3270 est

162 3261 267 3340 udatus
279 3236 360 3354 ind,
373 3287 414 3340 17,
433 3318 468 3326 -
488 3287 523 3341 V.
536 3289 569 3341 10
586 3294 637 3341 uut
657 3287 781 3340 deiende
792 3285 895 3339 vocula
908 3288 959 3340 νῦν
970 3289 1021 3337 aut
1032 3286 1169 3336 mutanda
1180 3283 1222 3334 in:
1239 3281 1290 3338 ὢν.
1302 3314 1336 3321 -

161 3355 318 3408 Praeterea
329 3354 406 3408 haud
419 3354 478 3409 scio
491 3373 527 3409 cn
546 3355 653 3410 codicis
673 3352 696 3407 Ο
716 3354 887 3420 scripturae:
910 3349 1131 3422 ὑποδεχόμενος,
1149 3347 1337 3418 praeferende

162 3421 254 3542 fueriIt>
265 3421 372 3542 οὲιωιέἰοὲε
385 3419 407 3474 O
420 3423 520 3510 lectio:
534 3421 752 3507 ἀμοδεχόμενος.
772 3419 831 3540 ((115.
843 3438 870 3489 p.
882 3419 941 3540 3ἑ69,
954 3417 986 3469 14
999 3435 1050 3541 qq,
1063 3417 1122 3482 370,
1123 3417 1151 3538 ,5
1163 3417 1301 3536 obqsgqilq.

161 3531 268 3612 fuisse:
282 3577 299 3610 σ
308 3495 449 3622 mercedest,
467 3495 849 3636 didciddtdid'ddtlffldiedediild
862 3504 928 3633 {videi
940 3503 1063 3608 diriilsvri
1076 3550 1136 3631 legi
1148 3524 1235 3619 etque
1249 3501 1336 3630 qiidffi

183 3666 188 3678 .
201 3626 262 3692 359,
275 3626 300 3692 5,
313 3627 338 3690 9,
353 3625 393 3690 12,
406 3643 433 3694 p.
445 3624 504 3693 360,
517 3626 534 3678 3
572 3623 697 3678 raesenti
717 3629 759 3678 uti
777 3623 854 3676 hunc
866 3625 1033 3692 scriptorem
1050 3617 1288 3674 animadverterit.
1300 3649 1334 3658 -

160 3645 197 3748 il.
209 3695 226 3747 8
238 3699 383 3773 receptam
394 3692 498 3746 vellem
511 3642 619 3748 codicis
633 3691 657 3746 O
671 3692 853 3762 scripturam:
873 3689 957 3765 ᾔδεις,
974 3705 1031 3758 que
1044 3689 1080 3742 de
1093 3685 1144 3742 cfr.
1156 3683 1284 3740 Lobeck.
1298 3688 1335 3740 ad

161 3759 478 3896 Phryidldl‘ddfidddcile
490 3825 593 3897 aliquis
606 3844 640 3880 eo
653 3826 780 3894 inclinet,
793 3831 826 3879 ut
839 3822 937 3878 credet
950 3825 976 3878 le
1000 3822 1103 3878 endum
1116 3821 1336 3900 essetriiro'uq-

162 3895 312 3950 λάπτειν
325 3894 369 3948 vel
381 3893 613 3963 ἀποκαλύψαι,
627 3893 775 3947 conferens
788 3911 815 3962 p.
828 3892 914 3970 336sp
924 3841 1046 3970 qq.,8355,
1060 3891 1093 3943 16
1106 3907 1148 3959 sq.
1161 3895 1190 3941 ct
1200 3905 1335 3957 imprimis

183 3963 261 4029 .363,
272 3963 298 4030 5,
318 3961 369 4015 ubi
389 3961 570 4030 ἀποκαλύψαι
589 3960 618 4014 in
637 3960 736 4015 codiee
754 3957 777 4012 G
795 3964 909 4013 transiit
930 3976 960 4011 in
980 3955 1169 4022 ἀποκαλύψει,
1187 3960 1217 4009 et
1236 3972 1263 4023 p.
1276 3953 1335 4022 363,

162 3981 196 4085 13
209 4047 251 4099 sq.
285 4027 430 4083 Infinitivo
442 4028 608 4098 praesentis,
641 4027 670 4080 ui
681 4027 797 4098 propius
806 4025 922 4080 accedit
930 4025 967 4079 ed
976 4025 1122 4078 literarum
1134 4027 1253 4090 tractus,
1266 4038 1335 4074 usus

162 4104 208 4153 est
219 4097 267 4150 hic
279 4096 402 4165 scriptor
413 4112 441 4164 p.
452 4097 511 4163 360,
525 4099 549 4166 1,
561 4095 620 4162 363,
661 4113 703 4166 sq.

230 4166 263 4218 P.
274 4164 333 4227 360,
346 4164 363 4216 6
375 4179 437 4233 sqq.
455 4163 528 4218 haec
544 4162 621 4217 edite
639 4169 717 4216 sunt:
738 4160 793 4216 ἀλλ’
814 4162 861 4233 ἐμὲ
877 4158 969 4234 μάγον
990 4160 1122 4227 λέγουσιν
1143 4154 1200 4210 ἀπὸ
1224 4159 1335 4226 Πέτρου

163 4232 332 4306 νικώμενον,
352 4228 421 4286 ἀλλὰ
436 4237 482 4286 καὶ
499 4229 740 4303 σολλογιζόμενον.
756 4228 806 4284 ούκ
825 4233 852 4282 εἴ
868 4249 909 4288 τις
927 4227 962 4304 δέ
971 4228 1335 4302 συλλογισθείηρσυναρπρι-

163 4306 244 4363 σθεὶς
257 4298 308 4368 τὴν
320 4301 350 4355 έν
361 4297 412 4354 αύτ
425 4301 437 4312 ”
448 4297 580 4367 ἀληθείαν
592 4301 771 4369 νενικημένον
789 4297 853 4366 ἔχει.
888 4292 1029 4372 Equidem
1048 4289 1162 4372 offendo
1180 4309 1210 4344 in
1227 4289 1334 4369 veirbie:

164 4369 214 4424 οὐκ
236 4374 263 4424 εἴ
280 4389 322 4429 τις
338 4369 377 4422 δὲ.
414 4318 513 4421 dodex
535 4363 557 4420 0
579 4363 680 4421 hebet:
704 4362 767 4434 οὐχὶ
786 4371 827 4426 τίς
844 4367 910 4417 cett.
946 4361 1033 4416 Dicet
1049 4361 1168 4429 aliquis,
1192 4357 1335 4428 duplicem
