3126 4894
573 277 729 362 murone
746 313 856 363 emon.
1263 303 1306 364 69

136 461 257 584 plilsasimi,
271 459 327 582 fitlii
345 461 460 580 srdotres
478 459 571 580 copiis
587 460 642 514 mei
657 460 745 514 dicite
758 459 841 528 mihi,
861 477 997 531 quasnam
1017 463 1098 516 vobis
1115 471 1181 532 post
1193 481 1306 520 saevam

136 547 147 580 1
186 546 281 583 mnoc
297 545 432 582 emconi
457 544 539 580 erm.

202 595 277 652 CIV.
315 595 388 648 Tum
408 546 529 649 Nigcetas
550 593 700 648 confestim
720 601 863 665 resumpto
881 613 1008 652 sermone
1027 595 1068 650 ita
1086 595 1163 650 infit:
1187 599 1305 662 Quando

134 663 225 731 nobis,
239 681 256 718 o
270 668 374 729 mater,
397 661 631 731 quemadmodum
650 663 719 728 sois,
737 663 884 734 navigium
904 669 991 716 noctu
1010 664 1166 734 disruptum
1183 671 1241 733 est,
1258 666 1305 718 ho-

134 732 222 786 mines
233 731 361 801 quidam,
374 729 463 798 quiin
471 729 542 783 mari
553 729 674 799 praedas
683 747 768 800 agere
781 748 837 784 non
846 737 986 796 verentur,
1000 737 1136 802 ceperunt
1145 750 1197 786 nos
1207 740 1236 786 et
1246 751 1305 788 sca·

133 799 203 869 phae
227 800 268 852 im
289 803 449 864 osuerunt,
463 803 619 868 posteaque
637 801 721 852 remis
740 797 785 851 usi
811 799 950 852 duxerunt
969 799 1137 854 Caesaream
1156 799 1303 855 Stratonis.

133 866 226 936 Atque
248 862 259 918 i
282 867 292 918 i
309 865 492 920 vehementer
508 864 583 918 lame
601 883 791 935 compressos,
812 872 845 919 ιιι
861 872 939 920 metu
955 867 1053 921 affecti
1070 867 1142 920 nihil
1158 885 1304 939 praeceps,

134 935 264 1004 quodque
277 934 315 987 iis
329 933 496 1002 displiceret
508 933 699 1002 loqueremur,
721 933 765 985 illi
778 933 939 987 nominibus
956 937 1060 990 nostris
1077 937 1194 990 mutatis
1207 936 1236 989 in
1248 954 1304 990 ser-

133 1003 253 1056 vitutem
270 1002 375 1055 misere
391 999 576 1054 tradiderunt.
612 1001 699 1054 Porro
716 1000 817 1054 mulier
832 1001 969 1070 quaedam
988 1003 1064 1074 apud
1076 1001 1197 1058 Iudaeos
1229 1021 1304 1058 rose-

134 1069 192 1140 lyta
203 1069 292 1124 valde
309 1067 466 1123 laudabilis
478 1067 591 1121 nomine
604 1067 685 1121 Iusta
701 1085 765 1122 cum
777 1085 828 1122 nos
845 1069 975 1136 emisset,
993 1069 1093 1124 habuit
1106 1072 1170 1126 loco
1182 1023 1304 1124 filiorum

132 1137 322 1258 omnibustpue
336 1135 455 1190 Graecis
467 1135 627 1204 disciplinis
644 1135 772 1190 studiose
790 1135 919 1190 erudivit.
955 1139 1014 1194 Nos
1032 1156 1098 1193 vcro
1114 1157 1165 1209 per
1180 1145 1304 1194 aetatem

133 1203 201 1258 facti
212 1223 268 1274 pru
289 1209 373 1259 entes
389 1209 420 1257 et
435 1203 604 1274 religionem
620 1204 775 1258 amavimus
787 1209 817 1258 et
833 1204 939 1258 litteris
955 1207 1088 1277 gnaviter
1099 1224 1213 1276 operam
1225 1207 1304 1261 dedi-

132 1290 201 1337 mus,
213 1278 248 1326 ut
262 1291 328 1326 oum
339 1269 457 1351 reliquis
465 1270 602 1342 gentibus
616 1271 796 1340 disputantes
808 1288 857 1325 eas
868 1290 1016 1342 possemus
1029 1276 1064 1328 de
1077 1290 1167 1328 errore
1178 1291 1303 1346 arguere.

132 1339 344 1394 Perdidicimus
365 1345 453 1393 etlam
469 1337 699 1408 philosophorum
720 1339 849 1406 decreta,
873 1343 993 1394 maxime
1016 1359 1088 1410 quae
1108 1358 1126 1395 a
1144 1341 1254 1411 pietate
1274 1341 1304 1396 in

132 1405 225 1461 Deum
243 1407 423 1461 alienissima
439 1411 506 1459 sunt
517 1405 647 1476 Epicuri,
665 1407 792 1477 inquam,
810 1412 839 1462 et
850 1407 1014 1478 Pyrrhonis,
1028 1426 1083 1478 quo
1095 1415 1125 1463 ct
1137 1409 1229 1480 magis
1240 1427 1303 1480 pos·

89 1515 96 1528 .
133 1492 226 1528 scmus
240 1475 400 1530 confirtare.

198 1541 261 1596 CV.
298 1541 430 1596 Ceterum
447 1558 584 1594 unacum
602 1540 715 1596 Simone
732 1541 853 1611 quodam
868 1559 952 1612 mago
971 1542 1085 1596 educati
1109 1542 1219 1596 ratione
1236 1544 1302 1598 ami·

130 1609 217 1664 citiae
232 1611 263 1664 in
274 1609 404 1664 fraudem
418 1608 476 1663 fere
490 1608 600 1662 inducti
612 1608 724 1662 fuimus.
760 1607 865 1662 Verum
878 1609 934 1662 ista
947 1609 1011 1676 tibi,
1023 1616 1122 1676 mater,
1136 1609 1166 1662 in
1178 1616 1235 1662 tem
1273 1629 1303 1664 rc

130 1677 305 1758 diligentius
318 1683 500 1796 exponentur.
537 1674 594 1729 Sed
607 1694 670 1730 cum
683 1675 846 1797 decipiendi
859 1693 985 1730 essemus
997 1695 1048 1748 per
1060 1677 1210 1743 Simonem,
1236 1677 1304 1731 ami·-

130 1745 210 1798 liams
223 1746 342 1814 quidam
375 1743 462 1798 omini
477 1743 567 1797 nostri
579 1744 658 1799 Petri
671 1744 745 1798 Zacc
767 1761 835 1798 aeus
853 1745 947 1798 dictus
964 1747 1104 1800 accedens
1122 1745 1246 1811 monuit,
1267 1761 1304 1798 ne

129 1827 214 1884 mago
226 1813 439 1866 assentiremur.
457 1812 598 1933 Petrolque
612 1811 777 1865 advenienti
789 1813 903 1879 obtulit,
916 1817 948 1866 ut
961 1831 1012 1867 nos
1024 1814 1109 1884 plene
1119 1819 1205 1884 atque
1215 1820 1304 1879 certo,

130 1897 203 1948 quae
218 1885 355 1949 spectant
366 1879 404 1932 ad
416 1879 525 1932 cultum
566 1881 603 1946 ei,
617 1880 738 1934 doceret.
775 1879 867 1944 Quare
885 1881 1012 1935 etiamte
1025 1899 1148 1948 oramus,
1162 1888 1260 1942 mater,
1272 1887 1304 1936 ut

130 1963 204 2016 quae
216 1965 270 2001 nos
283 1947 430 2001 consecuti
445 1963 540 2000 sumus
551 1947 628 2002 bona
640 1945 691 2000 illa
707 1953 736 2000 et
748 1953 780 2000 tu
791 1948 947 2018 percipias,
965 1966 1019 2018 quo
1039 1949 1178 2004 communi
1198 1950 1257 2003 sale
1270 1967 1304 2004 ao

130 2032 231 2068 mensa
243 2015 287 2068 uti
300 2016 448 2084 possimus.
484 2015 527 2068 Ea
539 2013 629 2086 igitur
640 2032 727 2069 causa
743 2021 800 2083 cst,
821 2022 1036 2087 propterquam
1052 2035 1104 2071 nos
1122 2018 1153 2070 in
1170 2019 1240 2072 mari
1255 2033 1303 2088 pe·

131 2082 217 2136 riisse
231 2083 414 2136 existimasti.
1133 2135 1137 2144 ,

199 2149 274 2204 CVI.
305 2150 387 2204 Haeo
405 2167 469 2204 cum
485 2147 642 2202 Faustinus
657 2149 820 2218 prolocutus
838 2150 940 2205 fuisset
957 2157 1047 2206 mater
1063 2158 1161 2207 nostra
1180 2153 1304 2222 procidit

128 2234 226 2271 coram
247 2217 334 2272 Petro
355 2235 459 2288 rogans
477 2223 506 2272 st
526 2216 693 2284 obsecrans,
714 2219 757 2271 uti
775 2235 804 2272 se
823 2236 956 2289 suamque
972 2219 1114 2289 hospitem
1135 2221 1303 2275 accersitam

126 2285 302 2354 baptizaret,
314 2289 355 2352 ut,
369 2285 471 2356 inquit,
485 2302 519 2338 ex
550 2301 586 2337 uo
599 2288 680 2338 natos
690 2303 767 2339 meos
775 2287 870 2356 recepi
881 2287 977 2340 nullus
989 2287 1049 2340 dies
1060 2287 1235 2354 excludatur,
1247 2305 1301 2358 quo

128 2369 195 2405 cum
207 2353 245 2404 iis
261 2370 319 2406 non
337 2353 503 2424 sumpserim
520 2369 544 2404 cr
567 2369 622 2404 um.
658 2349 783 2422 Cumque
801 2371 852 2406 nos
870 2355 969 2408 eadem
986 2371 1058 2423 quae
1075 2361 1166 2408 mater
1178 2371 1302 2424 compre-

128 2437 268 2487 caremur,
280 2420 383 2474 Petrus
395 2422 449 2475 ait:
470 2419 545 2484 Quid
556 2419 674 2488 putatis,
687 2437 759 2472 unus
773 2437 827 2490 ego
838 2421 1036 2474 immisericors
1046 2439 1116 2486 sum,
1130 2422 1206 2490 quod
1215 2423 1303 2474 nolim

127 2504 181 2540 vos
194 2505 259 2541 cum
271 2493 361 2542 matre
373 2495 468 2542 vestra
480 2487 558 2542 vesci
570 2486 655 2541 hodie
669 2503 731 2540 cam
742 2487 912 2556 baptizans?
930 2487 1048 2540 Minime
1061 2505 1133 2541 vero.
1153 2487 1211 2542 Sed
1223 2505 1302 2557 opor-

128 2560 183 2622 tet,
196 2560 230 2608 ut
243 2555 307 2625 ipsa
318 2561 384 2610 ante
405 2574 470 2610 uam
482 2553 645 2624 baptizetur
659 2553 761 2606 saltem
773 2570 829 2607 uno
842 2554 888 2608 die
901 2554 1018 2621 ieiunet,
1032 2555 1260 2625 quandoquidem
1274 2561 1303 2608 ct

129 2623 272 2676 nonnulla
284 2640 334 2692 pro
348 2640 377 2676 se
387 2573 487 2677 iocuta
499 2628 544 2676 ast
556 2628 660 2688 mater,
673 2620 775 2690 quodsi
787 2638 843 2675 non
856 2627 942 2689 esset,
955 2621 1053 2675 multis
1067 2621 1167 2676 diebus
1180 2639 1242 2676 eam
1255 2639 1302 2676 ne-

102 2696 109 2702 '
130 2706 216 2744 cesse
229 2689 334 2744 fuisset
347 2691 461 2760 expiari.

201 2757 292 2811 CVII.
326 2755 518 2828 Interrogauti
536 2773 566 2810 er
588 2755 703 2821 omihi,
721 2755 856 2826 quidnam
873 2773 908 2811 ea
924 2757 1020 2811 locuta
1036 2755 1122 2810 fidem
1139 2773 1218 2810 suam
1230 2757 1302 2810 indi-

127 2831 241 2890 casset,
258 2825 360 2879 Petrus
380 2825 542 2896 respondit:
566 2775 688 2880 gSufficit
706 2825 853 2880 dumtaxat
869 2825 947 2878 illius
983 2825 1120 2880 ustulatio
1136 2825 1171 2880 dc
1188 2825 1305 2896 hospita
1344 2869 1348 2874 .

126 2899 160 2946 ct
178 2891 323 2959 benefica,
345 2897 376 2946 ut
393 2910 489 2947 secum
506 2892 705 2962 baptizaretur.
740 2891 841 2965 Neque
858 2893 934 2948 enim
951 2843 982 2946 ii
999 2893 1122 2948 dilectae
1139 2911 1206 2949 suae
1227 2894 1303 2948 tradi

148 2959 321 3025 ostulasset‚
344 2959 400 3012 nisi
439 2960 498 3013 rius
516 2977 584 3031 erga
603 2960 641 3013 ba
661 2957 776 3012 tismum
791 2969 935 3032 tamquam
956 2979 1025 3033 erga
1047 2979 1181 3034 magnum
1200 2962 1302 3017 donum

164 3027 236 3107 ’sset
256 3027 370 3107 affecta.
407 2979 499 3092 (iham
518 3045 572 3098 ego
588 2978 693 3080 muiios
710 3027 842 3084 damnare
859 3049 916 3084 non
938 3029 1052 3097 dubito,
1077 3029 1153 3100 quod
1165 3047 1229 3084 oum
1246 3031 1302 3152 ipsi

126 3095 274 3165 baptrzatr
294 3095 399 3148 fiiermt
416 3101 446 3149 et
465 3095 652 3166 profiteantur
672 3111 702 3148 se
719 3097 849 3165 credere,
873 3098 946 3153 nihil
966 3097 1075 3155 faciant
1096 3098 1214 3169 dignum
1234 3098 1254 3152 fi
1276 3116 1301 3166 e,

127 3289 218 3335 nostra
234 3281 316 3350 Epir.)
337 3282 366 3334 lv
386 3279 497 3353 πελάγει.
514 3285 569 3335 add.
591 3285 666 3336 Hom.
678 3287 695 3336 l.
741 3284 844 3350 σθῆναι
861 3293 947 3337 noster
962 3289 1038 3338 Hom.
1057 3284 1129 3353 eod.)
1145 3286 1201 3338 ἔδει
1226 3289 1300 3337 Hom.

127 3369 161 3415 c.,
182 3357 270 3402 nostra
287 3353 357 3418 Epit.
373 3358 399 3402 et
415 3354 447 3404 al.
460 3369 499 3417 ap.
513 3353 567 3403 Οοι.
739 3355 756 3404 l.
770 3369 799 3415 ο,
812 3359 898 3402 nostra
909 3356 978 3419 Epit.
992 3361 1017 3404 et
1029 3355 1060 3402 al.
1070 3371 1108 3433 ap.
1119 3355 1172 3402 Cot.

187 3420 248 3502 Gap.
277 3420 343 3469 CVI.
391 3417 417 3485 1)
442 3421 513 3488 φησι
536 3437 584 3470 om.
609 3421 639 3470 D.
663 3449 698 3456 -
791 3419 850 3485 Gap.
862 3421 940 3470 CVII.
976 3416 1052 3486 1)κ’
1073 3439 1094 3470 ω
1117 3418 1198 3470 εἶπον
1219 3416 1302 3488 (ἔφην

126 3484 155 3548 2)
169 3493 227 3540 καθ
245 3479 325 3553 ibbo
337 3485 388 3536 τοῦ
399 3487 617 3552 συνεστιαθῆναι
628 3491 697 3538 B.-
739 3488 813 3536 Hom.
836 3492 861 3536 et
879 3488 902 3536 V
923 3492 1022 3536 nostrae
1062 3482 1129 3553 pit.)·
1152 3482 1247 3550 εἰπὲῆ
1273 3491 1301 3538 ῖν

128 3553 156 3617 3)
171 3553 202 3606 δὲ
215 3570 264 3604 om.
276 3557 305 3604 B.
323 3581 358 3590 -
375 3549 404 3620 4)
424 3555 457 3620 τῆ
468 3559 554 3622 μητρὶ
569 3549 602 3606 τὰ
614 3551 697 3620 ὅμοια
740 3558 802 3606 τίνα
812 3553 969 3623 ἐφθέγξατο
982 3550 1077 3623 λόγον,
1097 3549 1125 3612 ὃς
1141 3555 1215 3604 Ηοιιι.
1268 3553 1301 3618 11,

127 3623 182 3672 inv.
202 3623 233 3672 D.
254 3649 290 3658 —
309 3619 338 3688 5)
354 3617 395 3708 βῆ
418 3609 632 3674 σιἰνεστιαθεῐσα
647 3619 695 3674 αὐ·
742 3619 780 3685 10,
804 3628 890 3673 nostra
913 3623 982 3690 Epit.
1005 3630 1031 3674 et
1060 3623 1091 3672 al.
1120 3639 1158 3690 ap.
1189 3624 1242 3675 (lot.
1268 3649 1302 3660 -

129 3694 203 3747 τοῖς·
226 3688 312 3740 ταῦτα
333 3706 384 3740 ουν
400 3691 445 3740 καὶ
461 3686 542 3758 ῆμῶν
563 3689 597 3762 τῇ
611 3691 697 3759 μητρὶ
739 3685 767 3756 2)
777 3685 887 3757 ἀπόχρη
899 3691 969 3742 deest
980 3692 1007 3740 in
1019 3691 1050 3741 al
1063 3707 1102 3758 up.
1116 3693 1169 3742 cot.
1183 3688 1249 3752 -3)
1263 3693 1303 3740 Ita

130 3752 433 3825 συμπαρακλεσάντιαν,
463 3755 479 3809 ὁ
501 3760 610 3825 Πέτρος
630 3755 696 3826 ἔφη’
740 3759 851 3809 οιΗοιιι,
863 3759 880 3807 l.
893 3774 922 3821 c,
942 3760 993 3810 τοῦ
1008 3759 1197 3826 βαπτισθῆναι
1216 3755 1302 3823 αὐτὴν

130 3826 161 3874 τί
171 3827 298 3894 νομίζετε
311 3820 364 3892 ἐγὼ
375 3820 464 3892 μόνος
479 3832 566 3875 nostra
582 3825 651 3892 Epit.
673 3829 698 3873 et
741 3824 774 3895 τῆ
787 3820 924 3894 ξενοθόχῳ
937 3830 982 3878 καὶ
994 3825 1111 3895 εὐεργέα
1126 3831 1154 3888 Β,
1166 3827 1217 3878 τοῦ
1229 3840 1301 3894 σομ-

128 3893 213 3958 al.ap.
225 3893 279 3940 Cot.
297 3893 360 3941 Fere
373 3891 456 3940 eadem
466 3894 540 3942 Hom.
551 3888 697 3954 XIII,9.-
740 3896 929 3957 βαπτισθῆναι
948 3891 1033 3958 αὐτὴν
1050 3894 1083 3960 τῆ
1100 3891 1238 3959 ξενοθόχῳ
1257 3895 1303 3943 και

127 3956 145 4008 6
171 3961 247 4010 Voce.
262 3953 306 4009 ὅτι
318 3954 357 4026 μὴ
371 3953 507 4029 βούλομαι
519 3961 568 4010 des.
581 3960 608 4008 in
620 3960 651 4010 D.
664 3987 697 3996 -
743 3971 799 4020 lom.
809 3960 1038 4030 uolnostraEpit.)
1053 3949 1201 4028 ιῦεργέιιδι
1214 3957 1302 4026 (εὐερ-

128 4023 144 4075 7
173 4027 251 4076 Vooo.
276 4022 309 4075 οὐ
329 4025 383 4092 μὲν
400 4022 451 4077 οὖν
472 4044 518 4076 οιιι.
537 4029 612 4077 Hom.
631 4028 648 4076 l.
668 4044 698 4090 c.,
741 4027 1051 4096 ydqunostracEpit.)
1066 4025 1300 4090 GD,nostraEpit.

128 4097 217 4142 nostra
227 4092 299 4158 Epic
313 4099 338 4142 et
349 4094 381 4142 al.
395 4110 434 4159 ap.
449 4095 503 4144 Cot.
516 4121 550 4130 -
563 4089 592 4160 8)
605 4090 700 4153 ἁπλῶς
742 4100 767 4144 ot
778 4079 809 4145 al.
823 4110 862 4161 ap.
876 4097 928 4148 Oct.
948 4125 981 4134 -
998 4095 1023 4160 4)
1039 4087 1183 4163 παρεκάλει
1195 4093 1270 4141 Hom.
1284 4092 1300 4140 l.

128 4161 162 4209 al.
180 4176 223 4226 ap.
241 4160 298 4210 Cot.
319 4161 402 4210 Simili
419 4161 493 4211 modo
509 4163 584 4212 Hom.
596 4162 614 4210 l.
632 4177 653 4212 c.
674 4169 699 4212 οι
741 4178 772 4223 c.,
785 4167 872 4212 nostra
883 4165 952 4228 Epit.
963 4169 988 4212 οι
999 4166 1030 4212 al.
1047 4179 1087 4228 ap.
1102 4161 1154 4210 Oct.
1172 4157 1302 4225 -5)1a

127 4233 216 4277 nostra
229 4227 301 4292 Epic
314 4253 348 4264 -
359 4225 387 4294 9)
400 4224 484 4294 αιἰιῆς
496 4232 524 4278 Β.
545 4257 579 4265 -
593 4226 638 4294 10)
647 4225 697 4280 αὐ·
741 4234 766 4278 οι
776 4231 851 4280 Hom.
864 4230 881 4278 l.
891 4246 911 4278 c.
924 4231 981 4279 etV
994 4227 1181 4293 nostraeEpit.,
1192 4232 1238 4277 art.
1252 4223 1302 4278 τοῦ

130 4290 243 4358 τῆαοιιι.
262 4295 294 4344 D.
316 4321 345 4330 -—
364 4292 408 4414 11)
426 4292 697 4366 ἒπεὶπολὶῶνὴμε-
741 4297 845 4358 omisso,
877 4292 945 4360 αὐτῆ
972 4294 1005 4365 τῇ
1034 4296 1084 4346 τοῦ
1107 4298 1303 4364 βαπτίσματος

129 4361 188 4430 ρῶν
212 4357 302 4426 αὐτὴν
335 4358 390 4430 cispa
408 4363 571 4428 ληνισθῆναι
606 4361 696 4430 (ἁγνι-
741 4363 886 4433 προσῆλθε
901 4363 992 4432 <lupuit
1009 4367 1141 4415 Onostrae
1158 4365 1236 4430 Epit,
1254 4367 1301 4414 art.
