3162 4900
234 333 297 397 266
540 352 569 401 r.
583 350 781 402 wisantum
795 351 981 401 sonoram.
996 351 1101 413 eninr.

302 498 334 550 In
346 496 488 562 universo,
501 496 550 566 qui
559 498 618 566 jam
631 497 768 566 sequitur,
782 498 845 551 loeo
858 496 894 550 de
907 496 988 550 Jovis
1001 495 1201 550 concubitibus
1214 497 1333 551 maxime
1346 505 1405 550 tur-

233 565 332 618 batum
346 569 398 618 est.
416 564 459 616 Ex
472 563 582 630 verbis,
600 580 672 633 qnae
684 563 766 617 Hom.
779 564 814 628 V,
830 566 870 629 12,
883 583 909 633 p.
926 564 981 627 141,
994 565 1026 617 16
1039 581 1099 633 sqq.
1116 563 1209 633 posita
1221 571 1297 629 sunt,
1309 564 1404 619 hisee:

233 631 315 689 duone
340 639 436 688 τοίνυν
454 633 541 686 αὐτοῦ
560 635 610 685 τοῦ
636 631 755 702 μεγάλου
774 631 844 692 Διὸς
862 631 916 686 diri
936 630 996 698 τὴν
1017 635 1085 686 τῶν
1102 631 1253 699 ἀνοήτων
1270 631 1406 704 ἀνδρῶν

236 705 452 768 ζηλοτυπίαν
473 698 521 759 τὰς
542 698 588 754 dui
608 704 656 764 τῆς
671 697 915 772 μεταμορφώσεως
931 698 1123 758 λανθανούσης
1139 707 1293 760 κοινωνίας,
1305 717 1342 752 ne
1358 719 1404 752 ex·

235 766 411 836 spectaretis
429 766 557 835 quidem,
579 765 614 818 de
630 765 712 819 Jovis
729 783 792 819 cum
805 767 917 820 Juuone
937 765 1090 818 concubitu
1107 782 1263 819 sermonem
1276 765 1406 820 futurum

234 851 312 899 esse3
330 833 419 886 multo
432 840 528 886 autem
540 832 647 898 minus,
665 833 837 886 mentionem
854 832 975 886 Veneris
992 833 1111 886 vitiatae
1127 832 1267 902 injectum
1278 833 1322 898 iri,
1336 850 1404 902 qua-

234 918 297 954 cum
310 900 445 968 luppiter
461 899 574 954 omnino
587 918 643 952 non
656 901 841 954 concubuerit
859 906 968 953 mutata
980 899 1078 953 forma.
1106 899 1171 953 Jam
1185 917 1317 968 compara
1330 918 1404 968 qnae

233 968 370 1038 leguntur
382 967 411 1018 in
422 967 574 1036 Recognit.
587 966 623 1032 X,
636 968 670 1020 20
682 985 743 1037 sqq,
762 965 792 1020 C.
805 969 839 1020 20
852 967 923 1021 haee
942 967 1050 1036 scripta
1066 968 1258 1036 reperiuntur:
1278 967 1405 1032 „Hacte-

232 1052 286 1087 nus
298 1034 382 1088 anilis
395 1034 545 1103 gentilium
557 1033 656 1088 fabula
674 1040 703 1086 et
716 1034 886 1105 genealogia
904 1033 1089 1103 processerit,
1108 1034 1168 1087 sine
1188 1033 1245 1088 fine
1259 1034 1334 1088 enim
1347 1042 1402 1103 est,

234 1101 258 1153 si
274 1101 360 1154 velim
374 1117 471 1154 omnes
490 1101 691 1170 generationes
708 1118 817 1167 eorum,
839 1119 909 1170 quos
922 1101 990 1155 deos
1003 1102 1165 1170 appellant,
1180 1107 1209 1154 et
1220 1101 1308 1170 impia
1319 1107 1406 1172 gesta

233 1167 371 1237 proferre.
405 1166 463 1221 Sed
475 1167 596 1236 exempli
614 1168 707 1237 gratia
725 1169 836 1221 omissis
855 1169 990 1234 caeteris,
1011 1169 1095 1220 unius
1111 1185 1194 1236 quem
1206 1169 1357 1221 maximnm
1375 1175 1405 1222 et

253 1235 416 1304 raecipuum
428 1234 549 1300 habent,
562 1251 701 1303 quemque
713 1235 815 1288 ,lovem
827 1236 983 1301 nominant,
997 1235 1140 1305 flagitiosa
1152 1243 1236 1306 gesta
1248 1236 1405 1314 replicabo.

233 1253 318 1356 ilunc
332 1302 406 1354 enim
423 1303 533 1356 coclnm
553 1301 651 1354 dicunt
662 1309 765 1356 tenere
783 1307 917 1371 tanquam
935 1305 1056 1357 caeteris
1069 1303 1230 1368 meliorem,
1244 1321 1291 1371 qur
1305 1304 1405 1356 statim

233 1375 265 1422 ut
281 1369 421 1436 adolevit,
440 1387 566 1422 sororem
580 1369 736 1448 propriam,
774 1387 839 1422 uam
856 1370 998 1423 «Iunonem
1012 1369 1123 1435 dicunt,
1137 1369 1216 1422 duxit
1229 1387 1361 1435 uxorem,
1375 1371 1405 1423 in

233 1453 289 1506 quo
303 1437 344 1490 uti
369 1454 402 1490 ne
413 1437 510 1490 statim
520 1435 553 1488 fit
564 1437 663 1490 slmills
675 1454 749 1505 pecu
782 1476 788 1488 .
806 1437 882 1490 Juno
892 1437 1052 1490 Vulcanum
1064 1438 1147 1506 parit,
1161 1437 1221 1502 sed,
1232 1443 1265 1489 ut
1274 1437 1405 1503 tradunt,

233 1521 290 1556 uon
302 1521 336 1557 ex
347 1455 421 1558 iove
435 1509 612 1573 conceptum.
631 1505 673 1556 Ex
689 1503 750 1572 ipso
763 1509 859 1558 autem
871 1504 984 1562 Jovisb
998 1504 1128 1558 Medeam
1134 1504 1182 1565 ll³²)
1195 1505 1303 1574 genuit,
1318 1522 1405 1572 qnam

233 1587 370 1640 responso
391 1577 526 1642 accepto,
546 1571 622 1639 quod
640 1571 687 1640 qui
705 1588 739 1624 ex
758 1589 792 1626 ea
802 1577 970 1625 nasceretur
986 1570 1086 1624 fortior
1103 1571 1164 1640 ipso
1181 1578 1257 1625 essct
1270 1578 1300 1624 et
1311 1590 1343 1624 re
1367 1589 1405 1625 no

233 1655 297 1690 eum
310 1638 477 1708 depelleret,
490 1656 638 1692 assumens
652 1638 737 1692 etiam
749 1639 810 1707 ipse
824 1638 955 1705 devorat,
966 1643 995 1692 et
1007 1656 1117 1690 rursum
1128 1638 1230 1708 genuit
1240 1639 1275 1692 de
1286 1589 1404 1692 cerehro

233 1705 347 1774 quidem
367 1706 535 1770 Minervam,
558 1705 593 1758 de
610 1705 714 1758 femore
732 1723 798 1759 vero
815 1705 958 1758 Liberum.
989 1707 1058 1758 Post
1074 1704 1145 1758 haee
1163 1705 1317 1759 Thetidem
1339 1723 1405 1759 cum

232 1771 403 1838 adamasset,
415 1775 497 1842 ajunt
510 1770 710 1825 Prometheum
722 1773 925 1840 pronunciasse
938 1773 976 1838 ei,
992 1772 1067 1841 qnod
1086 1773 1110 1824 si
1125 1773 1327 1826 concubuisset
1340 1791 1405 1826 cum

233 1857 280 1906 ca,
299 1839 346 1908 qui
364 1857 397 1892 ex
416 1856 449 1892 ea
465 1845 632 1892 nasceretur
649 1838 751 1892 fortior
767 1845 843 1892 esset
859 1846 951 1909 patre,
966 1846 995 1892 et
1007 1839 1043 1892 ob
1056 1839 1111 1892 hoe
1123 1839 1230 1892 veritus
1247 1841 1332 1893 Peleo
1347 1841 1405 1893 cui-

233 1906 298 1960 dam
317 1907 366 1960 dat
383 1923 445 1960 eam
460 1907 490 1958 in
507 1905 728 1971 matrimonium,
756 1905 858 1959 dehinc
874 1907 1088 1976 Persephonae,
1110 1923 1182 1976 qnae
1200 1907 1226 1960 ei
1245 1925 1278 1960 ex
1297 1906 1405 1961 Cerere

232 1973 327 2027 fuerat
348 1979 493 2042 suscepta,
515 1973 665 2037 miscetur,
689 1989 723 2026 ex
739 1989 795 2051 qua
813 1973 1055 2044 Dionysiumffl)
1073 1974 1173 2044 genuit
1192 1975 1240 2042 qni
1256 1992 1273 2027 a
1289 1973 1404 2027 Titanis

233 2041 395 2110 discerptus
414 2047 465 2094 est.
485 2040 542 2094 Sed
560 2040 735 2107 recordatus,
749 2041 848 2109 mquit,
861 2060 896 2095 ne
906 2041 982 2095 forte
994 2047 1076 2110 pater
1089 2059 1155 2094 snus
1167 2040 1305 2094 Saturnus
1315 2042 1405 2094 alium

233 2106 323 2160 filium
344 2115 505 2178 generaret,
527 2108 576 2176 qui
596 2107 684 2160 etiam
703 2125 733 2160 se
756 2107 858 2160 fortior
878 2115 1045 2162 nasceretur
1065 2126 1154 2178 regno
1175 2125 1210 2161 ne
1232 2108 1405 2178 depelleret,

207 2185 396 2246 ‘oppugnare
418 2175 586 2246 adgreditur
607 2179 716 2243 patrem
737 2192 877 2228 unacum
898 2175 1034 2230 fratribus
1061 2178 1122 2244 ejus
1173 2175 1274 2242 itauis3
1299 2175 1405 2245 quibus

232 2243 391 2311 oppressis,
409 2243 446 2296 ad
458 2242 588 2295 ultimum
607 2241 694 2294 etiam
709 2248 820 2311 patrem
833 2243 861 2294 in
873 2243 988 2296 vincula
1001 2243 1135 2312 conjecit,
1152 2243 1326 2312 desectoque
1339 2243 1402 2296 eius

253 2310 372 2364 enitalia
392 2310 422 2363 in
442 2327 517 2364 mare
534 2309 663 2379 projecit.
692 2308 750 2363 Sed
762 2327 842 2363 cruor
854 2309 902 2378 qui
915 2310 1033 2364 defluxit
1050 2327 1085 2362 ex
1101 2310 1231 2374 vulnere,
1250 2315 1403 2379 susceptus

232 2327 366 2431 ductibus
379 2385 409 2431 et
425 2377 567 2447 frequenti
584 2376 733 2430 collisione
752 2377 781 2429 in
799 2395 926 2445 spumam
938 2394 1048 2441 versus,
1086 2377 1226 2431 rocreavit
1239 2394 1301 2430 eam
1315 2395 1402 2446 quam

233 2445 333 2499 dicunt
343 2444 532 2514 Aphroditen,
545 2461 684 2514 quamque
696 2445 772 2512 apud
785 2462 835 2496 nos
848 2444 987 2498 Venerem
999 2462 1034 2513 ap
1056 2396 1085 2496 ei

232 2513 331 2565 cubitu
349 2530 421 2582 quae
434 2519 494 2566 erat
505 2512 603 2580 ntique
617 2529 707 2578 soror,
723 2512 799 2564 hunc
811 2511 904 2580 ipsum
916 2513 1015 2566 Jovem
1028 2462 1122 2564 liirnnt
1156 2512 1269 2565 enuisse
1283 2511 1404 2581 Cyprin,

231 2595 266 2632 ex
290 2597 346 2648 qna
370 2581 452 2658 ajunt
477 2586 506 2632 et
533 2578 703 2648 Cupidinem
731 2582 856 2632 natum“
891 2579 961 2632 Post
987 2578 1058 2632 haec
1083 2577 1113 2630 C.
1133 2529 1165 2632 il
1190 2579 1231 2632 ita
1258 2581 1404 2649 pergitur:

231 2645 330 2712 „Haec
343 2647 458 2715 quidem
471 2647 505 2699 dc
518 2646 638 2700 incestis
651 2647 726 2713 eius,
744 2646 811 2700 audi
829 2664 903 2699 nnnc
916 2653 945 2699 et
958 2646 992 2698 de
1009 2645 1189 2713 adulteriis,“
1206 2652 1293 2715 atque
1310 2646 1404 2715 profe-

230 2719 330 2766 runtur
341 2714 463 2782 plurima
475 2714 613 2782 exempla,
627 2713 739 2767 diversa
748 2714 784 2768 ab
797 2714 841 2778 iis,
854 2731 926 2782 qnae
935 2713 1018 2767 Hom.
1029 2714 1063 2778 V,
1076 2716 1107 2766 13
1115 2713 1267 2780 habentur,
1280 2721 1402 2783 excepto

230 2796 286 2832 uno
307 2779 409 2833 hocce:
444 2780 583 2846 „Callisto
604 2779 749 2850 Lycaonis
773 2781 888 2846 (vitiat),
915 2798 949 2833 ex
974 2797 1029 2849 quo
1050 2781 1177 2833 nascitur
1198 2777 1286 2834 Oreas
1309 2781 1403 2852 (sic)“.

229 2845 363 2914 Denique
377 2846 407 2900 C.
420 2849 454 2899 22
470 2847 541 2900 haec
559 2848 668 2916 scripta
682 2847 876 2916 reperiuntur:
900 2847 975 2914 „Sed
992 2853 1021 2900 et
1037 2848 1095 2900 alia
1114 2853 1180 2900 snut
1195 2848 1320 2916 plurima
1338 2850 1403 2917 ejus

230 2913 379 2980 adulteria,
392 2931 426 2967 ex
438 2915 541 2982 quibus
553 2930 607 2966 nec
618 2915 784 2983 progeniem
797 2916 932 2993 suscepit,
945 2931 1016 2983 quae
1028 2931 1190 2968 enumerare
1201 2914 1271 2968 satis
1283 2916 1403 2985 longum

1086 2446 1153 2497 lant.
1181 2445 1225 2496 Ex
1235 2444 1321 2513 hujus
1336 2462 1403 2498 con·
1475 2453 1481 2462 '

231 2985 284 3031 est.
304 2979 409 3032 Verum
422 2997 456 3033 ex
468 2981 512 3032 his
525 2980 653 3033 omnibus
666 2997 737 3058 quas
750 2997 988 3046 enumeravimus,
1006 2972 1158 3035 nonnullas
1170 2981 1401 3048 transformatus,
1498 2985 1502 2990 '

229 3050 330 3114 utpote
342 3064 443 3115 magus
455 3047 576 3099 vitiavit.
604 3046 736 3115 Demque
754 3045 899 3118 Antiopen
912 3047 1021 3118 Mystei
1034 3048 1098 3118 (sic)
1110 3065 1208 3102 versus
1223 3049 1253 3100 in
1266 3047 1404 3118 Satyrum

230 3112 381 3180 connpitr‘
395 3118 424 3164 et
441 3113 561 3165 subinde
577 3113 687 3181 reliqua
703 3121 889 3168 recensentur
900 3132 979 3169 exem
1001 3117 1040 3178 la,
1054 3132 1126 3184 quae
1137 3115 1220 3168 Hom.
1233 3115 1268 3182 V,
1281 3117 1315 3168 13
1327 3122 1357 3169 et
1370 3115 1404 3168 14

230 3185 489 3247 commemorantur,
509 3179 566 3232 nisi
590 3181 667 3248 quod
686 3200 773 3234 unum
802 3200 905 3236 novum
931 3183 968 3235 ad
989 3184 1046 3235 itur
1072 3182 1117 3234 his
1138 3182 1244 3250 verbis,
1268 3189 1335 3262 post
1359 3199 1403 3252 ea,

229 3245 332 3316 quibus
351 3247 385 3300 de
404 3247 516 3317 Aegina
535 3247 642 3318 agitur,
655 3249 771 3318 positis:
798 3250 874 3317 „Sed
892 3255 921 3303 et
939 3248 1135 3318 Ganymedem
1151 3249 1292 3318 Dardaur,
1311 3256 1404 3304 muta-

228 3320 275 3368 tus
304 3314 486 3369 nihilominus
508 3314 538 3368 in
565 3315 699 3385 aquilam,
721 3318 900 3388 stuprat“‚†)
935 3315 1101 3372 Callistonis
1134 3323 1230 3371 autem
1263 3317 1344 3371 nulla
1369 3316 1404 3371 fit

296 3517 317 3581 *l
338 3523 379 3570 Sic
390 3522 552 3568 scribendum
570 3537 629 3582 pro:
647 3522 758 3584 „Jove“.
784 3524 940 3570 Nominativi
953 3526 1033 3571 forma
1050 3522 1158 3584 ,‚Jovis“
1170 3540 1221 3572 non
1234 3526 1318 3571 solnm
1331 3527 1402 3584 apud

229 3590 383 3634 vetustiores
401 3591 539 3648 scriptores
558 3594 583 3635 et
603 3591 702 3648 poetas,
719 3592 764 3638 sed
786 3593 862 3637 stiam
883 3593 951 3650 apud
968 3607 1052 3637 rernm
1069 3593 1236 3651 mytlriearum
1261 3593 1405 3652 scriptores

228 3655 362 3712 reperitur,
381 3656 425 3700 cfr.
445 3658 539 3715 Hygin.
557 3657 621 3703 Fab.
641 3659 698 3703 LIV
715 3663 740 3703 et
756 3659 876 3718 Scriptor.
891 3661 949 3708 Rer.
967 3660 1069 3718 mythic.
1089 3661 1134 3704 lat.
1156 3665 1186 3704 tr.
1204 3660 1299 3705 Romae
1319 3674 1406 3718 nuper

230 3725 332 3775 repert,
345 3734 369 3776 p.
384 3723 441 3776 152,
457 3723 488 3768 25
502 3729 527 3768 st
539 3738 563 3781 p.
576 3726 633 3784 164,
647 3727 678 3770 34
691 3725 731 3771 ed.
744 3725 808 3770 Bod.

284 3781 319 3840 “l
332 3784 380 3830 Vix
392 3800 455 3844 opus
469 3796 508 3834 est
520 3804 630 3846 monere,
645 3793 759 3838 Rufinum
771 3792 901 3838 nominare
913 3792 1031 3838 debuisse
1044 3793 1155 3852 Metin;
1169 3792 1217 3838 nisi
1230 3793 1297 3838 forts
1310 3807 1406 3841 revera

230 3850 286 3906 ipse
299 3851 450 3909 scripserat:
463 3855 508 3900 Me
518 3857 563 3901 tid
573 3871 625 3902 orn.
1328 3863 1331 3869 ’

274 3913 321 3974 sss)
342 3919 383 3964 Sic
396 3919 484 3965 Rufino
497 3921 568 3967 audit
580 3925 657 3970 etiam
669 3926 781 3973 Semeles
794 3925 860 3970 filius
874 3924 901 3971 C.
915 3927 946 3972 22
960 3931 1178 3973 commemoratus.

254 4048 259 4058 Ι
295 3978 319 4044 †)
337 3985 392 4029 Non
407 3985 517 4042 dubium,
532 3989 592 4046 quin
604 3991 666 4036 haec
679 3991 758 4038 verba
771 3993 852 4039 serius
866 3994 966 4038 demum
978 3993 1066 4039 addita
1079 3994 1137 4040 sint.
1166 3993 1292 4040 Videntur
1306 4007 1337 4039 ea
1349 3995 1405 4053 pri·

228 4052 302 4124 mrtus
315 4050 347 4094 ad
360 4053 500 4109 marginem
513 4055 591 4100 fuisse
603 4057 730 4104 adnotata.
749 4059 863 4106 Rufinum
876 4065 960 4106 autem
972 4060 1020 4106 hoc
1032 4061 1088 4106 loco
1099 4061 1184 4120 posita
1196 4061 1261 4118 adeq
1277 4061 1407 4108 duxerunt

227 4127 254 4156 m
266 4127 390 4190 errorem,
407 4122 435 4162 ut
446 4115 603 4182 Γανυμήδην
615 4124 734 4169 feminam
747 4139 802 4171 esse
815 4131 925 4183 putaret.
944 4126 1018 4174 Certe
1031 4132 1085 4173 toto
1098 4129 1170 4174 coslo
1183 4131 1294 4182 erraret,
1308 4128 1331 4173 si
1345 4129 1406 4188 quis

227 4191 258 4222 ex
269 4177 309 4222 hrs
328 4182 412 4226 verbis
430 4186 543 4241 speeiem
557 4188 668 4246 aliquam
687 4191 815 4238 conciliari
831 4206 906 4251 posse
924 4201 1040 4241 censeret
1053 4195 1214 4254 coniecturae
1227 4209 1242 4240 a
1254 4195 1310 4240 viro
1324 4193 1405 4242 docto

227 4243 343 4288 Panofka
359 4251 505 4303 propositas
522 4253 548 4296 iu
567 4253 745 4302 dissertatione
763 4258 793 4302 de
805 4259 870 4306 Jove
884 4265 909 4306 et
921 4262 1018 4320 Aegina
1033 4262 1106 4308 Actis
1118 4261 1197 4308 Acad.
1216 4261 1321 4311 Bornss.
1335 4276 1406 4311 anno

227 4306 455 4358 MDCCCXXXVI
475 4316 551 4363 editis
571 4318 680 4376 inserta,
699 4337 749 4380 qua
770 4323 942 4384 Ganymedem
963 4342 979 4374 a
1000 4330 1123 4376 Phliasiis
1145 4329 1239 4376 cultam
1261 4329 1408 4377 secundum
