3162 4900
235 357 299 421 310
539 373 569 422 r.
582 367 989 422 wmsnunmsnuornrr.
1002 367 1109 418 eamr.
1151 411 1157 421 .

237 519 383 576 exstitisse
394 517 578 588 scripturam:
593 517 658 580 οὔτις
669 523 697 573 εἴ
706 538 748 579 τις
759 519 790 573 δὲ
804 521 1001 587 estimetur
1013 518 1231 586 συναρπασθείς,
1245 514 1360 583 τὴν-ἔ
1378 535 1417 580 ει,-

238 595 282 642 et:
306 587 384 658 supe
404 592 445 648 τίς
463 586 495 640 δὲ
520 589 621 640 corto
650 589 779 646 ισθεὶς,
797 588 1007 650 συναρπασθεὶς
1028 579 1130 650 τὴν-
1150 585 1222 651 ἔχεις
1239 611 1274 622 -
1292 581 1327 637 V.
1345 536 1418 654 9qu.

239 671 324 725 quum
338 670 408 708 sana
419 670 476 707 non
487 669 552 706 esse
564 605 743 734 intringere
753 649 953 722 Schweglerus
963 648 1064 703 verba:
1082 647 1180 722 οὐγὰρ
1193 647 1208 716 ἡ
1221 648 1353 705 ἀσθένεια
1367 653 1420 704 τοῦ

238 723 417 782 ἐκδικοῦντος
428 719 544 788 ἀλήθειά
555 722 614 776 ἔστι
629 740 680 773 τοο
692 725 861 800 νικωμένου,
876 717 906 772 id
919 716 995 788 quod
1008 721 1183 795 postremum
1196 722 1241 770 est
1252 716 1420 796 mutandum

238 787 376 844 censebat
399 789 428 842 in
456 786 661 859 νικηφόρου.
697 787 823 840 Facilius
853 803 868 839 e
892 804 908 840 ο
940 784 1053 838 credam
1078 789 1214 864 seriptum
1238 782 1329 863 fuisse
1353 789 1419 838 aut:

238 857 417 976 νιέῷμτὸς,
441 861 511 975 ruoz:¹
527 856 723 936 νινοιτοιοῦ.
757 853 843 908 Prius
860 803 933 907 ifiud
954 850 1147 905 commendari
1169 851 1275 922 ahqurs
1299 851 1378 906 dicat
1402 867 1421 905 a

239 939 273 977 eo
296 939 349 976 rcrs
401 939 458 976 serr
513 939 560 974 ra:
579 941 648 978 νικω
672 939 741 976 suot

304 989 335 1042 P.
348 989 408 1055 361,
422 940 571 1044 ldpneseio
584 1006 635 1042 cur
675 949 812 1042 resiselius
825 986 963 1058 spreverit
979 984 1088 1040 codicis
1101 981 1125 1037 0
1143 984 1315 1055 scripturam
1327 990 1420 1040 πολυ-

289 1061 338 1110 su.

236 1061 288 1128 2⁰7
305 1079 507 1188 133631οο11
525 1121 600 1176 male
617 1121 705 1176 habet
722 1121 832 1178 codicis
846 1120 870 1174 Ο
884 1121 942 1176 scri
962 1127 1026 1174 tura
1043 1122 1113 1194 lips.
1130 1150 1164 1160 -
1186 1117 1221 1173 V.
1234 1120 1251 1174 5
1264 1135 1324 1199 sqq.
1363 1135 1419 1174 nae

237 1207 319 1276 eorru
340 1195 369 1243 te
383 1189 489 1244 tradita
502 1195 568 1243 sunt
580 1189 610 1242 in
623 1189 703 1268 lituis
715 1207 798 1243 mscr.
817 1139 1005 1259 probabiKter
1021 1186 1156 1241 tractavit
1172 1185 1349 1306 Uhlhomntlis
1374 1227 1381 1241 .
1395 1204 1420 1241 c.

236 1255 1421 1402 insatietatis,retinetisrjrivrstttsttritruiauas

238 1408 350 1458 „coram
366 1391 472 1461 populo
493 1391 607 1458 docili“‚
625 1397 760 1462 tanquam
775 1407 843 1461 pras
860 1391 951 1445 oculis
969 1388 1131 1444 habmsset:
1154 1391 1294 1465 εὐμαθῶν.
1323 1389 1363 1442 At
1380 1389 1418 1444 ab

237 1457 327 1528 ipsius
344 1458 510 1512 amanuensi
521 1475 620 1514 revera
632 1463 777 1513 enotatum
790 1463 848 1512 est:
863 1458 979 1533 εὐμαθῆ.

304 1525 335 1580 P.
348 1526 408 1594 363,
420 1526 485 1596 9sq.
498 1527 605 1580 editum
617 1531 663 1580 est
676 1542 710 1580 ex
720 1525 816 1579 libris:
833 1525 899 1588 τοὺς
907 1529 1014 1596 πατέρα
1025 1529 1191 1596 νομίζοντας
1203 1525 1273 1578 εἶναι
1287 1526 1420 1597 Χριστοῦ

239 1592 290 1648 τὸν
302 1595 400 1662 Δαρίδ,
413 1600 458 1648 καὶ
469 1593 557 1650 αὐτὸν
568 1595 599 1649 δὲ
613 1593 664 1648 τὸν
677 1592 806 1666 Χριστὸν
819 1593 880 1647 υΙὸν
896 1593 975 1656 ὄντα,
987 1597 1032 1647 καὶ
1046 1591 1108 1647 υἱὸν
1125 1593 1197 1649 Θεοῦ
1208 1589 1248 1664 μὴ
1260 1593 1421 1662 ἐγνωκέναι.

240 1657 457 1714 Schliemannus
475 1665 504 1713 et
526 1659 724 1731 Sehweglerus
745 1666 918 1730 postremum
936 1658 1106 1713 vocabulum
1127 1657 1294 1712 mutandum
1315 1675 1418 1712 censu·

239 1733 321 1780 erant
333 1727 376 1780 in:
398 1726 560 1797 ἐγνωκότας.
594 1728 657 1798 Ego
668 1727 765 1796 potius
777 1728 894 1782 verbum
907 1725 1023 1796 aliquod
1036 1725 1167 1779 existimo
1180 1724 1369 1794 intercidisse,
1383 1742 1420 1779 ex

240 1809 295 1864 quo
306 1793 446 1864 penderet
457 1791 620 1848 infinitivus
633 1798 788 1864 ἐγνωκέναι.
818 1796 971 1850 Praeterea
984 1793 1083 1848 dubito
1095 1810 1162 1846 num
1175 1793 1301 1864 genuina
1313 1793 1351 1845 sit
1363 1810 1421 1847 vox

237 1861 331 1918 αὐτὸν.
367 1860 462 1915 'Pente
474 1861 575 1932 igitur:
587 1867 633 1917 καὶ
645 1859 753 1916 αὐτοῦ
770 1865 801 1918 δὲ
820 1861 871 1917 τὸν
885 1871 938 1932 Χρ.
952 1861 1015 1918 υἱὸν
1030 1866 1208 1931 λέγοντας,
1229 1865 1274 1915 καὶ
1285 1891 1319 1900 -
1331 1863 1420 1932 epro-

238 1935 321 1985 as'vuu.
345 1961 380 1970 -
403 1927 438 1982 V.
452 1931 483 1982 12
494 1927 688 1998 reponendum
700 1944 817 1983 censeo:
832 1927 870 1983 τό
883 1949 918 1984 τε
930 1928 1068 1990 ἐτάξαντο
1078 1932 1176 1984 εἰπεῖν.
1201 1958 1235 1967 -
1258 1926 1293 1982 V.
1307 1928 1339 1981 13
1352 1927 1421 1980 scri—

237 2001 318 2066 pturn
331 1996 451 2067 legitur:
465 1995 551 2052 αὐτὸν
564 1995 625 2051 υἱὸν
637 1995 706 2050 ὄντα
718 1995 768 2050 οὐκ
780 1997 901 2070 ᾔδεισαν.
936 1995 977 2049 At
994 1994 1092 2049 nescio
1110 2012 1148 2048 an
1166 1993 1348 2048 scribendum
1366 1994 1420 2048 sit:

237 2063 324 2119 αὐτὸν
338 2067 431 2142 ΘεοῦΙ
439 2063 502 2118 υἱὸν
514 2067 581 2116 cett.
617 2061 720 2141 Forma
732 2063 857 2138 ᾔδεισαν,
871 2080 926 2184 pro
959 2080 996 2117 ua
1013 2062 1102 2117 codex
1115 2059 1139 2116 Ο
1152 2061 1285 2133 praebet:
1303 2062 1437 2138 ᾔδησαν,

237 2130 267 2183 in
279 2135 342 2184 utro
364 2128 484 2183 uehbro
496 2147 579 2183 mser.
591 2136 731 2200 reperitur
764 2132 868 2199 .320,1
901 2135 931 2185 et
978 2131 1001 2198 7,
1014 2131 1038 2184 9.

304 2197 336 2251 P.
344 2147 408 2262 iet,
422 2198 437 2249 1
461 2195 573 2250 mireris
590 2196 700 2250 intacta
717 2213 747 2252 re
762 2197 820 2252 ‘cta
835 2214 899 2252 esse
917 2197 954 2252 ab
968 2196 1123 2252 editoribus
1144 2196 1245 2250 verba:
1270 2202 1308 2252 Ei
1324 2199 1365 2258 δέ,
1384 2197 1423 2260 ὡς

267 2265 310 2340 ῄς,
332 2265 410 2319 ἔσται
428 2263 476 2319 διὰ
494 2263 525 2318 τὸ
543 2265 645 2320 εἰδέναι
668 2263 717 2319 διὰ
737 2268 789 2320 τοῦ
807 2266 831 2320 ’1
846 2269 898 2321 σοῦ
918 2269 971 2321 νῦν
992 2263 1249 2321 ἇττοκαλῦπτεσθαι.
1286 2262 1421 2318 Scriben-

241 2285 357 2386 gumne:
371 2335 447 2389 ἔσται
463 2333 542 2387 δέον
555 2331 586 2388 τὸ
600 2335 704 2389 εἰδέναι
717 2332 805 2387 cett?
824 2289 961 2387 §imiliter
970 2336 1037 2389 δέον
1048 2334 1109 2386 ἐστὶ
1139 2348 1170 2385 ro
1183 2334 1228 2386 δεῖ
1238 2331 1363 2400 positum
1374 2337 1422 2387 est

235 2400 266 2454 in
278 2399 354 2470 Epit.
388 2398 453 2453 rior.
467 2397 498 2453 G.
512 2398 607 2453 XCVI
621 2405 651 2454 et
664 2397 730 2454 Act.
743 2397 876 2522 Assostoi
889 2399 971 2466 XIX,
985 2399 1026 2454 36.
1046 2431 1080 2438 -—
1125 2441 1130 2450 .
1143 2400 1161 2453 5
1181 2398 1280 2453 neseio
1296 2416 1334 2453 an
1345 2399 1420 2454 reci·

240 2467 347 2538 pienda
391 2466 445 2521 erit
458 2483 493 2521 ex
504 2467 632 2539 margine
646 2467 755 2522 codicis

305 2535 338 2588 Ρ.
350 2536 410 2603 366,
424 2537 438 2588 1
451 2551 550 2589 rocem
562 2557 620 2608 μου
632 2535 828 2590 transmissam
839 2553 868 2588 1n
878 2535 978 2589 codice
991 2533 1014 2587 0
1029 2534 1053 2586 si
1065 2539 1144 2587 recte
1152 2532 1262 2604 recepit
1273 2550 1307 2587 ex
1319 2534 1422 2589 codice

652 2603 710 2656 uod
722 2603 829 2685 legitur
840 2603 944 2657 Psalm.
957 2601 1122 2668 LXXVIII,
1140 2601 1157 2653 2
1170 2600 1224 2671 (ric
1237 2601 1422 2655 scribendum

806 2468 945 2548 scriptura
957 2465 1127 2538 κρειττόνως.

239 2599 449 2666 cDresselius‚
471 2608 621 2672 propterea

237 2669 333 2724 adnot.
352 2671 377 2737 1)
390 2675 419 2724 et
430 2667 535 2723 Matth.
547 2669 600 2738 III,
616 2621 658 2738 32,
680 2688 736 2724 non
754 2677 824 2726 1tem
841 2677 886 2725 est
903 2669 1064 2724 laudandus
1080 2667 1157 2738 quod
1174 2667 1283 2722 codicis
1301 2667 1325 2722 Ο
1350 2669 1421 2724 scri·

257 2743 348 2790 turam
360 2736 503 2810 ἐρεύξομαι
517 2755 574 2791 non
585 2738 708 2808 reecpit,
750 2739 835 2809 uippe
855 2755 927 2808 quae
945 2737 1032 2791 etiarn
1050 2754 1067 2790 a
1087 2736 1126 2788 ud
1137 2734 1239 2790 Matth.
1251 2736 1420 2806 reperiatur,

236 2753 371 2858 {ererum
390 2803 439 2857 cfr.
457 2820 529 2884 quae
547 2805 696 2860 adnotavit
730 2755 890 2862 tirlhomius
906 2805 924 2858 l.
942 2823 965 2859 e.
990 2823 1017 2875 p.
1031 2755 1087 2856 113).
1110 2835 1145 2844 -
1167 2803 1203 2858 V.
1219 2802 1252 2856 16
1269 2805 1369 2859 nescio
1381 2821 1420 2859 an

239 2877 367 2942 praestet
380 2871 490 2925 codicis
504 2870 528 2924 Ο
542 2872 597 2925 sori
619 2877 683 2925 tura
696 2875 732 2928 τὸ
743 2877 856 2945 γνῶναι.

306 2937 338 2993 Ρ.
350 2938 411 3003 366,
425 2938 458 2991 13
470 2938 538 2992 ferri
550 2891 665 3007 quidem
698 2945 775 2993 otest
787 2939 895 2993 codicis
909 2939 933 2994 Ο
945 2939 1047 2994 lectio:
1066 2938 1277 3012 κληιιονομὴσει,
1291 2938 1343 2992 sed
1351 2940 1419 3009 jure

238 3019 297 3057 non
319 3004 450 3072 praelata
467 3011 512 3058 cst
531 3006 640 3082 codicis
700 3006 873 3085 scripturae:
898 3013 930 3062 κλ
950 2993 1126 3080 ροινομήσω.’
1141 3006 1208 3061 Non
1229 3007 1320 3061 solum
1340 3007 1420 3094 apud

238 3071 348 3124 Lucam
367 3070 423 3124 XV
425 3071 477 3149 III,
492 3073 527 3149 16
544 3077 598 3135 (sie
616 3072 691 3150 enim
710 3073 893 3127 scribendum
909 3031 974 3129 adn.
991 3075 1016 3139 7)
1033 3073 1185 3144 reperitur:
1204 3079 1418 3146 κληρονομησω,

238 3153 334 3192 verum
347 3142 434 3191 etiam
447 3155 477 3191 rn
490 3155 552 3208 ipso
565 3139 664 3194 codlce
677 3139 701 3194 Ο
715 3158 799 3210 supra
811 3160 839 3212 p.
851 3143 911 3209 355,
923 3145 940 3197 3
957 3159 992 3197 ea
1009 3143 1072 3213 ipsa
1085 3141 1226 3211 scriptura
1239 3147 1351 3196 servata
1364 3148 1420 3197 est.

305 3205 335 3259 P.
349 3205 450 3272 367,12
462 3222 599 3286 nonopus
610 3213 655 3274 est
666 3209 870 3264 correctiones
881 3210 1002 3266 Davisio
1017 3209 1222 3274 commendata,
1234 3226 1319 3280 quum
1329 3209 1419 3264 etiam

241 3273 312 3328 alibi
326 3273 424 3336 ὅμοιός
438 3293 514 3336 τινος
526 3280 565 3327 stt
576 3276 699 3342 „similis
712 3277 862 3347 alicujus“.

305 3341 336 3396 P.
348 3341 408 3408 369,
420 3341 438 3395 4
450 3341 559 3396 editum
571 3349 616 3397 est
634 3344 789 3398 secundum
807 3344 1031 3416 Schweglerum:
1055 3344 1239 3416 κατεαλδγης,
1262 3343 1306 3398 ὅτι
1324 3344 1418 3400 εἶπον.

236 3407 318 3462 Libri
328 3409 448 3464 habent:
468 3409 512 3464 ὅτι
524 3408 548 3464 ἃ.
583 3412 683 3466 Facile
696 3418 827 3482 apparet,
839 3411 910 3466 haee
923 3412 1009 3466 verba
1021 3429 1055 3465 ex
1068 3411 1188 3466 diversis
1199 3411 1418 3465 recensionibus

236 3475 331 3545 petita
342 3493 406 3530 esse
419 3482 448 3530 et
460 3477 490 3530 in
502 3493 588 3531 unum
603 3485 758 3549 compacta.
779 3478 853 3533 Sane
865 3479 955 3550 igitur
967 3479 1135 3534 alterutrum
1148 3484 1208 3533 erat
1220 3479 1417 3532 transmitten-

238 3543 311 3596 dum.
336 3543 393 3598 Sed
406 3545 504 3599 nescio
517 3563 554 3599 an
565 3546 661 3615 potius
675 3547 719 3602 ὅτι
732 3564 816 3617 quarn
827 3545 845 3602 ἃ
858 3549 1048 3617 spernendum
1059 3547 1171 3614 fuisset,
1184 3545 1259 3616 quod
1270 3547 1415 3616 posterius

237 3610 343 3680 optime
356 3617 521 3666 construere
535 3613 605 3666 licet
618 3631 682 3668 cum
693 3614 872 3686 κατεπλάμης.

304 3678 336 3731 Ρ.
349 3679 409 3743 370,
424 3680 456 3732 16
470 3702 491 3734 τι
512 3685 646 3752 respuor
659 3681 839 3736 scribendum
852 3686 912 3735 erat
925 3679 1081 3735 seeundum
1094 3680 1223 3735 codicem
1236 3679 1268 3743 Ο.

304 3744 335 3798 Ρ.
347 3745 407 3808 371,
420 3745 437 3796 8
450 3762 482 3798 co
505 3745 595 3800 isisO
621 3749 762 3818 scriptura
783 3751 909 3822 ἀποκρίθ
929 3771 955 3802 τι
972 3748 1086 3802 minime
1104 3747 1173 3802 talis
1193 3751 1238 3801 est
1256 3764 1329 3816 quae
1348 3747 1418 3802 ferri

235 3815 368 3890 nequeat,
380 3809 429 3863 cir.
462 3854 468 3866 .
480 3812 521 3873 74,
534 3815 575 3880 15,
581 3813 668 3892 ,3571
684 3822 712 3869 et
721 3816 846 3870 Lobeek.
859 3815 896 3870 ad
905 3771 1010 3885 lthyn.
1022 3835 1049 3886 p.
1061 3817 1124 3882 1083
1137 3831 1307 3894 quamquam
1316 3831 1417 3869 verum

235 3884 288 3947 est,
294 3885 337 3932 uti
347 3828 523 3958 solereirunc
533 3885 700 3950 scnptorem
709 3884 864 3938 vocabulo:
874 3883 1029 3958 ἀπόκριναι.
1038 3883 1146 3946 -Quae
1155 3899 1283 3952 proxrme
1294 3899 1418 3968 sequun-

235 3951 282 4000 tur
294 3945 382 4000 verba
393 3953 500 4000 arctius
513 3965 577 4002 oum
589 3951 765 4020 antegressis
778 3951 969 4005 construenda
981 3957 1062 4017 sunt,
1075 3950 1117 4004 ita
1128 3955 1160 4003 ut
1172 3955 1239 4004 ante
1252 3953 1351 4018 ἐπειδη
1361 3951 1416 4004 vir-

236 4014 305 4082 gula
316 4013 459 4067 incidatur
470 4020 500 4069 et
512 4021 579 4070 ante
595 4009 629 4072 οὗ
641 4023 743 4074 εἵνεκεν
754 4025 889 4089 punctmn
901 4020 993 4088 majus
1006 4019 1123 4072 locetur.
1142 4017 1296 4071 Praeterea
1308 4033 1374 4071 eum
1386 4017 1418 4072 in

235 4080 348 4133 modum
359 4087 426 4134 sunt
436 4082 560 4149 turbata,
570 4089 603 4136 ut
612 4101 666 4152 ego
676 4085 789 4154 quidem
801 4085 836 4144 de
847 4085 917 4154 ipsis
928 4090 1005 4139 certo
1013 4084 1199 4140 restituendis
1209 4087 1366 4164 desperem.
1386 4085 1418 4140 si

236 4151 331 4222 tamen
344 4145 388 4200 fas
401 4148 439 4200 sit
452 4151 636 4220 conjectandi
645 4153 804 4238 periculum
818 4152 928 4218 facere,
942 4152 984 4207 ita
1000 4153 1060 4207 fere
1078 4152 1213 4222 scriptum
1226 4152 1315 4206 fuisse
1337 4153 1417 4207 dixe-

236 4215 462 4296 rim-'insidii
476 4216 512 4278 ὡς
524 4218 572 4288 ἀφ’,
587 4210 625 4274 ὧν
639 4219 776 4305 απ’ἆρμῆς
787 4219 945 4289 &naupactis
957 4226 1029 4306 εἰμι
1043 4221 1306 4292 interrumpitis
1318 4219 1418 4294 ἕτερόν

238 4295 282 4332 σοι
298 4297 450 4362 upsalensi,
462 4281 480 4351 ἢ
493 4284 569 4358 πάσῃ
581 4289 692 4356 μηχανῇ
704 4307 754 4342 τον
767 4287 940 4360 δημιουργὸν
958 4287 1045 4344 αυτὸν
1058 4291 1144 4349 δεῖξαι
1160 4286 1281 4362 μόνονῖἱ
1305 4307 1418 4357 εμπτον

238 4345 308 4397 εἶναι
323 4350 401 4406 Θεον,
413 4353 459 4401 καὶ
475 4354 585 4406 συννοῶ
597 4370 629 4407 σε
642 4346 780 4410 τοαοῦτον
791 4354 887 4412 πόθον
899 4356 1000 4424 ἔχοντα
1017 4358 1079 4411 τοῦ
1095 4361 1263 4428 προαίρεσιν
1294 4362 1418 4429 crolup(-
