3126 4894
573 217 727 306 senona
744 257 855 308 rama.
1262 245 1304 309 99

132 403 291 473 Apostolus
304 401 373 456 Noli
386 418 440 467 me,
454 400 535 466 dixit,
549 400 584 456 de
596 401 651 456 hoc
663 420 777 475 rogare,
791 421 862 474 quse
875 404 950 458 enim
962 404 1043 460 Deus
1055 407 1126 474 vult,
1140 408 1203 477 quis
1216 408 1304 464 homi·

134 488 198 524 num
211 469 356 548 dissipare
368 468 497 538 poterit?
521 470 627 524 Postea
639 470 675 524 ad
687 471 898 526 multitudinem
910 472 1067 542 respiciens
1079 473 1117 526 Et
1129 491 1190 542 vos,
1203 477 1232 530 in
1253 477 1304 546 uit,

58 569 61 574 ·
133 539 233 592 iratres
245 537 398 602 carissimi,
412 537 540 590 debitum
552 543 584 590 ut
592 538 666 608 patri
675 537 808 592 honorem
818 545 848 593 et
857 538 1023 609 obsequium
1030 558 1082 610 per
1090 542 1187 602 omnia
1196 495 1305 600 debus

133 606 206 677 patri
218 609 318 658 vestro
330 620 366 657 nc
377 604 508 658 desinite.
528 604 574 659 Ita
586 605 690 676 quippe
703 612 733 660 et
741 605 822 660 vobis
834 611 912 660 recte
921 607 983 678 regi
996 625 1047 661 seu
1055 609 1136 678 pasci
1148 610 1245 664 contin
1267 618 1305 678 et,

133 680 217 742 atque
231 673 290 724 iste
303 672 359 725 erit
370 677 477 741 pastor,
490 689 547 726 non
559 674 757 741 mercenarius,
771 691 865 728 curam
879 676 927 743 qui
939 675 1036 746 gregis
1051 675 1195 746 suscipiet.
1259 695 1305 733 am

131 741 235 794 scitote
254 756 334 805 eum,
351 739 400 809 qui
409 740 520 818 pastori
537 756 571 794 ac
589 740 726 812 magistro
743 741 890 862 neqotium
905 742 934 794 in
951 742 1049 810 rebus,
1068 759 1140 813 quae
1156 744 1194 798 ad
1211 743 1305 800 Deum

130 807 291 878 pertinent,
310 805 444 873 facessit,
457 806 515 861 Dei
529 807 672 877 spiritum,
690 809 770 862 errius
803 809 829 863 ic
843 809 939 863 sedem
952 815 981 862 et
993 810 1086 864 locum
1098 810 1224 880 obtinet,
1240 830 1304 867 con·

129 877 244 929 tristare
264 891 400 944 eumque,
422 875 471 944 qui
488 891 630 928 sermones
647 876 725 928 illius
742 875 865 946 spernit,
885 875 1028 931 Christum
1046 895 1177 949 spernere
1189 886 1219 934 et
1231 880 1306 952 legis

129 950 372 1013 transgressorem
385 941 514 996 inveniri.
539 941 616 996 Ante
629 944 723 997 omnia
735 960 800 998 vero
812 943 884 997 fides
896 944 926 997 in
938 945 1019 999 vobis
1033 962 1102 1000 sana
1115 945 1152 1000 sit
1165 965 1199 1001 ac
1212 946 1301 1016 firma,

129 1011 207 1064 nullo
220 1009 352 1079 periculo
364 1008 519 1077 fluctuans;
538 1009 641 1064 deinde
654 1017 684 1064 et
695 1011 756 1065 vita
767 1018 863 1066 vestra
874 1029 944 1081 pura
956 1018 1005 1066 aut
1018 1013 1070 1080 sit,
1087 1019 1137 1068 aut
1150 1013 1300 1082 efficiatur,

130 1076 299 1149 praesertim
320 1093 355 1130 ue
369 1077 514 1131 excolatur
526 1078 651 1147 corporis
664 1079 864 1146 sanctimonia,
881 1095 963 1133 nemo
981 1080 1057 1134 enim
1074 1080 1182 1150 absque
1197 1099 1232 1136 ea
1243 1081 1302 1136 Do·
1348 1119 1351 1126 Δ

130 1146 236 1198 minum
249 1143 316 1198 vide
338 1144 369 1197 it.
393 1144 453 1198 Pax
466 1149 495 1198 et
508 1144 588 1214 quies
601 1146 736 1200 intervos
748 1147 824 1200 omni
837 1146 920 1200 modo
932 1151 1071 1202 teneatur.
1096 1147 1178 1212 Quod
1190 1149 1215 1202 si
1227 1148 1300 1204 forte

130 1211 299 1268 scandalum
309 1218 339 1265 et
351 1211 474 1266 offensio
483 1211 559 1266 inter
569 1230 620 1266 vos
630 1214 776 1278 acciderit,
791 1214 834 1268 sol
844 1214 884 1268 ita
897 1213 1013 1268 affectis
1023 1215 1105 1268 vobis
1114 1233 1171 1270 non
1180 1216 1300 1270 occidat.

129 1281 263 1334 Iudicare
277 1278 313 1332 de
328 1279 454 1349 proximo
467 1285 612 1348 cavetote3
630 1281 660 1334 id
673 1281 812 1351 siquidem
822 1281 1037 1336 Pharisaeorum
1050 1288 1094 1335 est
1107 1288 1136 1336 et
1150 1282 1300 1336 obnoxium

129 1347 244 1402 iudicio.
269 1345 500 1428 'Hospitalitstis
519 1352 548 1426 et
564 1347 771 1428 beneficentiae
789 1348 1068 1428 neobliviscamini3
1088 1349 1143 1403 hoc
1161 1355 1206 1404 est
1225 1351 1300 1404 enim

128 1420 295 1538 131ῖίρέὲὲ
299 1420 543 1552 ,Psittatttttt
555 1414 870 1552 ttttlttttttt
882 1415 1298 1538 lltlttttttttttttttt

128 1560 232 1604 nostra
268 1548 349 1602 Inter
363 1549 501 1616 trutinas,
518 1566 663 1605 mensuras
680 1558 710 1605 et
725 1551 897 1620 ponderans
913 1552 958 1604 vcl
976 1568 1062 1604 unum
1073 1551 1166 1604 minus
1178 1567 1299 1620 aequum

128 1624 228 1672 exstet.
266 1615 314 1670 Ad
325 1616 400 1670 hunc
413 1617 516 1688 quippe
529 1618 642 1672 modum
655 1619 758 1672 civitas
774 1618 929 1689 praeclaris
946 1618 1061 1688 legibus
1073 1618 1234 1690 gubernata
1246 1619 1300 1686 erit

128 1685 275 1740 catholiea
287 1683 345 1736 Dei
358 1685 490 1738 ecclesis.
514 1683 570 1749 Qui
582 1686 699 1757 negotia
712 1686 851 1756 quaedam
860 1685 935 1739 inter
947 1702 977 1739 se
989 1686 1106 1753 habent,
1119 1685 1196 1756 apud
1209 1685 1300 1740 eccle·

129 1754 187 1808 siae
200 1751 385 1823 presbyteros
396 1752 565 1817 iudicentur,
579 1758 608 1806 et
618 1754 693 1822 quod
701 1753 807 1808 bonum
817 1759 861 1807 est
872 1759 984 1807 contem
1005 1753 1059 1808 lati
1070 1749 1299 1820 reconcilientur,

128 1837 199 1876 neve
211 1819 253 1874 ad
263 1819 420 1873 tribunalia
432 1819 533 1874 fratres
546 1819 692 1875 trahitote.
727 1821 852 1875 Iudicari
868 1821 943 1874 enim
962 1773 1004 1876 ah>
1017 1821 1159 1875 extraneis
1180 1837 1214 1874 ac
1231 1819 1300 1873 Eth-

129 1888 216 1954 nicis,
236 1887 267 1939 id
283 1903 351 1940 vero
363 1885 522 1941 infidelium
540 1893 598 1956 est,
617 1889 845 1959 quandoquidem
861 1893 890 1942 et
904 1891 1024 1957 Aaqelos
1036 1889 1221 1942 iudicabimus
1234 1887 1302 1941 scri-

129 1963 208 2027 ptum
220 1959 276 2008 est.
312 1953 402 2024 Super
412 1955 507 2010 omnia
519 1963 549 2010 et
561 1962 627 2009 ante
641 1956 735 2010 omnia
746 1962 890 2026 pastorem
902 1956 944 2010 ita
954 1955 1121 2022 intuemini,
1139 1961 1172 2009 ut
1190 1970 1234 2008 me
1247 1954 1299 2008 Pe·

130 2031 213 2088 trum,
248 2022 278 2075 ui
291 2039 308 2075 a
320 2022 385 2076 Deo
398 2023 506 2076 electus
520 2029 565 2077 est
576 2023 657 2078 vobis
671 2023 700 2076 in
714 2024 889 2095 magistrum.

198 2091 221 2146 G
281 2089 346 2144 VII.
382 2089 428 2143 Ita
446 2107 509 2144 cum
529 2096 690 2161 perorasset
707 2097 736 2145 et
753 2109 847 2146 coram
866 2091 996 2146 omnibus
1013 2108 1112 2146 manus
1128 2089 1199 2144 mihi
1215 2091 1303 2162 impo-

130 2160 252 2222 suisset,
266 2157 296 2210 in
309 2174 360 2210 sua
373 2157 508 2212 cathedra
521 2159 619 2212 sedere
631 2158 717 2226 fecit3
734 2175 854 2231 cumque
875 2159 1026 2226 sedissem,
1044 2159 1099 2214 hoc
1116 2159 1186 2212 mihi
1207 2159 1304 2214 statim

131 2227 219 2282 dixit:
239 2223 296 2279 Oro
308 2230 338 2278 te
352 2241 445 2278 coram
457 2226 587 2279 omnibus
600 2227 648 2296 qui
660 2226 764 2281 adsunt
775 2227 847 2280 meis
859 2226 1010 2292 fratribus,
1027 2232 1060 2280 ut
1076 2227 1189 2296 quando
1202 2243 1237 2280 ex
1248 2227 1303 2281 hac

130 2295 191 2348 vita
207 2293 249 2347 mi
285 2309 383 2359 avero,
401 2293 636 2362 quemadmodum
652 2293 710 2347 Dei
732 2294 844 2348 censuit
883 2293 1059 2360 rovidentia,
1078 2294 1172 2348 omnia
1190 2293 1303 2347 domino
1333 2309 1336 2312 ·

130 2361 237 2416 Iacobo
294 2360 330 2413 tri
340 2359 458 2414 Domini
470 2361 526 2414 mei
542 2361 751 2430 compendiario
765 2313 910 2414 describas
921 2366 950 2414 et
961 2361 1060 2414 mittas
1069 2360 1156 2414 etiam
1164 2377 1254 2429 usque
1266 2359 1303 2414 ad

130 2429 271 2500 pueritiae
284 2433 351 2482 tuae
369 2428 504 2491 consilia,
526 2434 555 2482 et
569 2427 804 2498 quemadmodum
821 2427 857 2481 ab
874 2428 957 2482 initio
975 2427 1012 2481 ad
1023 2426 1077 2479 hoc
1088 2444 1178 2496 usquc
1190 2433 1303 2496 tempus

131 2514 244 2552 mecum
256 2497 312 2550 iter
324 2494 428 2549 feceris
441 2497 559 2550 audiens
571 2512 714 2551 sermones
727 2500 849 2562 stactus
861 2513 879 2548 a
889 2511 934 2547 me
943 2493 1260 2564 praedicatos3deinde
1273 2493 1303 2546 in

130 2563 189 2618 fine
202 2571 233 2619 et
244 2563 344 2618 mortis
356 2565 438 2616 meae'
449 2581 572 2630 causam,
584 2569 617 2616 ut
630 2569 696 2617 ante
710 2562 784 2628 dixi,
803 2562 929 2615 indicare
942 2578 977 2614 ne
990 2561 1114 2615 omittas.
1149 2560 1214 2615 Non
1227 2560 1302 2613 enim

130 2632 185 2686 hoc
198 2632 227 2685 ei
239 2629 400 2684 molestiam
413 2631 535 2698 creabit,
554 2638 586 2685 ut
603 2631 651 2700 qui
669 2637 746 2684 certo
760 2630 846 2695 sciat,
864 2645 908 2682 me
927 2629 1002 2698 quod
1018 2627 1131 2682 omnino
1143 2627 1205 2746 pati
1218 2627 1302 2706 debe·

130 2700 198 2754 ham
215 2699 263 2769 pie
279 2697 448 2752 reddidisse.
483 2698 637 2752 Maximum
654 2704 749 2752 autem
767 2696 899 2751 solatium
915 2695 1047 2762 habebit,
1070 2712 1144 2765 quan
1165 2711 1181 2748 o
1201 2694 1303 2760 discet,

131 2772 199 2838 post
212 2783 257 2819 me
273 2783 330 2819 non
346 2765 453 2818 homini
470 2765 600 2846 imperito
614 2783 648 2820 ac
660 2765 792 2820 vitalium
804 2764 951 2819 verborum
967 2763 1080 2843 ignaro,
1099 2761 1150 2843 sed
1162 2761 1304 2841 ecclesiae

132 2851 273 2889 canonem
296 2833 419 2886 omnium
439 2850 560 2887 maxume
582 2833 686 2888 scienti
714 2833 880 2888 cathedram
900 2831 1025 2886 doetons
1050 2830 1187 2884 credrtam
1206 2828 1303 2883 fuisse.

130 2901 275 2966 Quocirca
288 2917 357 2971 ego,
375 2901 487 2955 domine
499 2901 538 2954 mi
550 2901 669 2968 Iacche,
688 2918 752 2954 cum
763 2900 901 2973 magister
911 2901 1012 2954 Petrus
1024 2898 1096 2953 haec
1108 2897 1178 2951 mihi
1189 2913 1304 2968 praece·

130 2969 219 3040 perit,
233 2968 308 3038 quod
320 2968 425 3021 iustum
438 2974 482 3022 est
499 2969 640 3038 complere
657 2986 713 3022 non
729 2971 836 3023 veritus
849 2987 923 3036 sum,
945 2973 974 3022 et
990 2967 1071 3037 quasi
1090 2966 1119 3020 in
1136 2963 1304 3036 compendio

129 3037 189 3090 tibi
208 3041 313 3090 cuncta
329 3041 398 3090 nota
414 3035 508 3090 facere
525 3036 567 3089 ita
584 3036 722 3107 inscripto
738 3036 832 3116 operis
850 3041 1030 3108 argumento:
1051 3033 1208 3088 Clementis
1224 3031 1303 3087 Petri

130 3103 395 3175 peregrinationum
409 3110 438 3158 et
449 3103 694 3174 praedicationum
706 3103 846 3174 Epitome.

130 3297 196 3346 an.
210 3291 251 3357 10,
264 3290 303 3342 lo.
314 3319 348 3330 -
361 3289 389 3360 5)
405 3297 602 3360 περιποιεῖσθε
613 3293 644 3342 al.
658 3307 697 3358 ap.
741 3290 765 3352 6,
777 3288 802 3342 3.
814 3317 848 3326 -
866 3289 908 3358 15)
923 3287 1001 3357 ὑμῶν
1013 3291 1088 3339 inser.
1101 3290 1166 3338 BGD
1179 3293 1203 3337 et
1215 3289 1246 3337 al.
1259 3303 1300 3353 ap.

130 3364 189 3414 cot.
211 3389 245 3396 -
265 3358 291 3423 6)
310 3356 377 3429 ὑμῖν
388 3376 436 3410 om.
451 3361 478 3410 0.
494 3363 517 3410 E
536 3361 559 3408 h.
573 3356 598 3421 4,
610 3356 697 3409 26.-
741 3359 795 3408 Cot.
1068 3419 1079 3430 υ

130 3426 162 3497 Ἰ)
180 3424 213 3482 τὸ
226 3429 245 3478 0
262 3434 287 3479 ct
298 3428 331 3477 al.
345 3443 384 3494 ap.
399 3428 452 3477 Cot.
471 3455 504 3463 —
518 3377 549 3493 b)
566 3428 656 3477 Matth
673 3425 697 3489 5,
792 3425 851 3490 Gap.
861 3423 988 3474 CXLVH.
1002 3417 1029 3488 1)
1040 3437 1078 3486 τῳ
1087 3421 1172 3486 κυρίῳ
1182 3419 1259 3468 Turn.
1268 3445 1303 3454 -

131 3495 177 3548 21.
189 3524 224 3532 —
235 3492 263 3562 9)
276 3492 355 3562 ἡμῶν
367 3494 438 3547 θεοῦ
450 3497 493 3544 BD
506 3499 531 3544 et
543 3494 574 3544 al.
585 3511 624 3560 ap.
634 3495 697 3554 Cot,
740 3489 820 3560 2)1ts
837 3489 912 3540 etiam
928 3491 976 3556 Ep.
989 3489 1065 3540 Clem.
1078 3487 1110 3538 ad
1120 3487 1169 3537 Iac.
1187 3501 1208 3535 c.
1228 3481 1260 3534 19
1278 3490 1303 3534 et

132 3561 568 3696 testanteesaia
579 3565 698 3677 Passa
741 3552 1191 3694 stertatattia-,rto
1209 3553 1303 3670 ta

133 3693 181 3764 11)
198 3698 289 3748 Matth.
312 3693 337 3758 6,
353 3694 399 3758 ‚la
421 3723 456 3733 -
477 3693 518 3758 12)
540 3645 608 3764 sipha
624 3695 700 3746 inser.
742 3699 829 3744 nostra
840 3695 909 3760 Epit.
921 3693 938 3743 l.
952 3709 982 3756 o,
1001 3687 1037 3750 ὡς
1055 3690 1085 3742 ἐν
1100 3690 1165 3740 Bon
1184 3693 1208 3739 st
1220 3689 1251 3738 al.
1264 3703 1303 3754 ap.

132 3765 201 3815 1301)
218 3771 244 3814 et
260 3765 292 3814 al.
312 3779 351 3829 sp.
371 3764 425 3816 (lot.
444 3791 476 3800 -
500 3759 543 3826 13)
566 3759 630 3828 παρ’
650 3758 700 3813 ἀν·
744 3762 807 3823 Oct,
820 3761 886 3826 quod
901 3759 1099 3827 praeferendum.
1115 3784 1150 3793 —
1166 3750 1305 3872 43710131&

132 3827 268 3900 θρώποις
286 3835 345 3888 τοῖς
360 3827 483 3900 εὐνομου
506 3832 581 3888 ένοις
598 3830 701 3879 Irenaeo
745 3843 791 3881 σοι
806 3829 858 3880 inv.
876 3829 907 3877 D.
929 3854 962 3862 —
986 3823 1014 3894 5)
1032 3821 1121 3883 οὕτως
1136 3823 1177 3873 BG
1203 3861 1210 3885 ,
1231 3838 1304 3872 ουτω

131 3899 180 3949 lib.
192 3895 217 3950 4.
229 3914 284 3964 cap.
297 3894 338 3958 72,
355 3914 402 3965 pro
418 3914 466 3963 quo
509 3902 564 3947 etus
575 3897 702 3962 Interpres
744 3895 811 3959 vulg.
824 3922 858 3932 —
874 3890 902 3962 6)
914 3897 959 3946 καὶ
975 3910 1023 3945 om.
1041 3894 1094 3954 BD,
1111 3893 1134 3942 Ε
1154 3929 1159 3940 .
1177 3889 1253 3938 Glem.
1272 3890 1304 3935 ad

133 3966 256 4032 Martyris
273 3964 371 4027 legebat
388 3961 595 4033 εὐνοουμένοις.
624 3965 705 4024 Apud
744 3963 793 4014 Iac.
807 3978 827 4012 c.
844 3959 886 4025 20,
906 3967 992 4011 nostra
1007 3960 1076 4026 Epit.
1094 3973 1115 4006 o.
1134 3907 1183 4006 ibt>
1199 3960 1224 4003 et
1243 3954 1304 4002 Mas.

132 4036 244 4083 homines
253 4031 458 4095 inquitsensatos.
470 4026 609 4096 cos-14)
619 4031 639 4080 Ι.
646 4030 701 4080 Cor.
745 4045 784 4096 ap.
797 4030 862 4092 (lot,
874 4029 919 4080 καὶ
930 4020 1112 4095 κηρυγμάτων
1123 4037 1171 4070 om.
1184 4020 1211 4069 0.

1073 4120 1104 4160 71
