3114 4896
556 282 712 334 neiroun
729 283 841 334 riuos.
1246 269 1289 334 23

106 449 217 502 semper
229 430 408 486 constiturus
421 429 469 498 sit,
482 446 537 486 nec
547 427 654 486 habeat
666 429 854 502 corruptionis
871 447 1001 498 causam,
1021 447 1078 502 qua
1094 449 1209 504 corpore
1221 449 1287 488 coii-

106 499 190 554 cidat.
220 499 285 554 Nec
297 517 365 554 vero
378 499 473 554 Deum
484 499 582 554 mundi
595 499 770 554 conditorem
783 516 943 569 supremum
956 516 1019 554 esse
1032 499 1083 566 ait,
1096 517 1151 554 nec
1163 506 1288 556 mortuos

105 568 261 638 aliquando
275 567 431 621 excitatum
443 567 478 620 iri
490 565 589 621 credit.
623 566 850 638 Hierosolymam
863 571 961 639 negat,
976 571 1101 622 montem
1115 565 1288 622 Gerizimum

105 635 265 689 substituit.
302 635 357 690 Pro
370 651 436 690 vere
449 633 564 688 Christo
576 634 640 689 Deo
657 639 753 690 nostro
773 635 898 705 seipsum
914 634 1069 715 praedicat.
1105 635 1214 707 Legem
1226 654 1287 716 pro-

105 703 165 774 pria
182 703 418 774 praesumptione
435 703 520 758 aliter
537 701 746 774 interpretetur.
782 702 820 756 Et
838 703 974 757 iudicium
992 702 1052 758 fore
1070 703 1185 774 quidem
1206 703 1287 771 dioIt,

108 789 204 826 verum
216 789 277 825 non
291 789 340 826 ens
363 775 448 825 cetat.

170 837 284 894 XXVI.
347 845 360 892 t
373 829 469 894 autem
481 837 543 908 ipse
554 837 703 910 religionis
716 837 878 918 opinionem
887 837 1045 906 invaderet,
1058 838 1166 894 factum
1179 844 1223 894 est
1236 839 1285 894 ita.

105 908 227 961 Ioannes
266 907 363 961 uidam
375 905 499 974 exstitit,
518 905 566 976 qui
579 905 701 986 singulis
716 905 816 960 diebus
828 905 996 977 baptizaret,
1010 912 1039 960 et
1052 907 1288 978 quemadmodum

107 975 230 1030 Domino
286 981 369 1029 erunt
394 973 544 1028 duodecim
570 973 705 1044 discipuli
727 973 876 1028 duodecim
896 974 1035 1028 mensium
1061 975 1129 1030 solis
1152 981 1285 1048 gerentes

107 1060 267 1123 numerum,
285 1041 327 1097 sic
348 1042 376 1097 ci
392 1059 503 1112 quoque
519 1041 634 1096 fuerunt
651 1041 778 1114 triginta·
788 1041 843 1096 viri
858 1041 1002 1113 principes
1014 1049 1187 1098 menstruam
1200 1044 1286 1099 lunae

107 1111 245 1165 rationein
258 1111 411 1191 implentes
434 1111 508 1164 inter
520 1126 590 1180 quos
603 1115 632 1164 et
644 1127 701 1164 una
713 1109 852 1181 quaedam
864 1115 925 1165 erat
938 1111 1039 1166 mulier
1050 1116 1154 1166 vocata
1165 1111 1286 1179 Helena,

108 1185 184 1234 utne
196 1177 254 1233 hoc
268 1179 382 1260 quidem
394 1150 501 1248 absque
514 1177 769 1248 praemeditatione
787 1184 872 1232 esset.
909 1177 980 1232 Cum
997 1179 1072 1233 enim
1093 1179 1195 1234 mulier
1207 1180 1287 1234 dimi-

108 1247 183 1300 dium
202 1247 242 1301 sit
258 1247 313 1301 viri
330 1246 527 1318 imperfectum
542 1245 688 1300 tricenarii
705 1245 856 1300 constituit
867 1264 1021 1312 numerum,
1034 1246 1109 1302 sicut
1122 1252 1152 1302 et
1165 1246 1195 1301 in
1208 1247 1286 1314 luna,

109 1315 186 1369 cuius
205 1315 337 1370 incessus
353 1333 410 1369 non
425 1313 583 1384 perfectum
599 1313 704 1368 mensis
722 1331 832 1368 cursum
850 1312 974 1368 conficit.
1009 1315 1097 1369 Porro
1117 1314 1216 1368 horum
1236 1315 1285 1368 tri·

112 1383 192 1456 ginta
203 1383 308 1438 Ioanni
318 1383 424 1454 primus
442 1399 476 1436 ac
488 1380 706 1453 probatissimus
720 1386 781 1437 erat
794 1381 897 1436 Simon.

173 1451 300 1507 XXVII.
335 1451 405 1505 Post
421 1455 539 1504 mortem
555 1455 651 1506 autem
662 1449 778 1504 Ioannis
789 1448 885 1504 Simon
897 1454 1043 1519 assumpta
1052 1448 1165 1504 Helena
1175 1449 1287 1508 oberrat

126 1519 221 1574 lebem
238 1519 411 1574 conturbans
429 1517 598 1588 dicensque,
617 1535 681 1572 eam
699 1517 839 1572 Helenam
853 1516 887 1570 de
901 1535 934 1570 su
953 1517 1039 1570 remis
1052 1517 1140 1572 caelis
1153 1517 1184 1570 in
1195 1523 1285 1574 terras

108 1538 233 1642 delatam
253 1604 329 1653 esse,
351 1587 431 1640 cuius
448 1587 556 1667 gratia,
578 1585 684 1707 inguit,
707 1583 812 1639 Graeci
829 1589 857 1638 et
873 1535 993 1639 Barbari
1010 1584 1118 1638 bellum
1136 1592 1287 1656 gesserunt

108 1655 259 1736 imaginati
270 1654 395 1725 speciem
407 1653 546 1721 veritatis,
557 1659 586 1708 et
598 1671 613 1708 e
632 1661 685 1708 'ens
698 1653 789 1707 multa
800 1651 965 1732 prodigiosa
977 1651 1113 1706 miracula
1126 1651 1167 1706 ita
1177 1658 1218 1720 ut,
1231 1653 1287 1706 nisi

14 1769 16 1786 ‚
108 1740 341 1796 cognovissemus
360 1739 423 1777 eum
439 1721 491 1776 illa
508 1739 559 1792 per
576 1721 700 1794 magiam
717 1719 844 1787 efficere,
866 1738 922 1800 ipsi
943 1737 1054 1800 quoque
1072 1719 1224 1775 fuissemus
1238 1721 1286 1776 de-

109 1809 140 1848 ce
160 1791 192 1845 ti.
229 1791 315 1848 Nunc
332 1795 428 1844 autem
441 1789 554 1860 quando
565 1807 687 1844 vesanus
700 1788 750 1844 ille
762 1787 854 1842 voluit
867 1794 955 1842 etiam
967 1805 1110 1859 imponere
1123 1788 1286 1843 hominibus

107 1810 266 1941 religiosis,
290 1858 326 1912 ab
345 1875 378 1913 eo
395 1857 572 1912 secessimus.
607 1856 722 1912 Etenim
735 1857 823 1912 caede
836 1873 866 1910 se
884 1855 1032 1926 inquinare
1051 1863 1197 1937 coeperat,
1212 1857 1287 1912 sicut

14 1977 15 1980 ,
109 1927 190 1982 nobis
203 1925 298 1980 adhuc
310 1925 409 1980 amicis
427 1925 507 1980 velut
523 1925 631 1979 amicus
643 1924 796 1994 patefecit,
815 1924 891 1994 quod
904 1942 967 1978 cuin
979 1941 1059 1994 pueri
1071 1943 1194 1979 animam
1206 1943 1224 1979 a
1236 1943 1286 1980 suo
1302 1955 1305 1960 ·

109 2011 223 2065 corpore
242 1998 417 2064 separasset,
436 1992 561 2047 infandis
579 1993 748 2062 quibusdam
764 1991 970 2047 adiuramentis
984 1992 1107 2047 futuram
1119 1993 1288 2048 adiutricem

108 2063 144 2116 ad
160 2079 259 2116 eorum
276 2079 349 2131 quae
366 2061 428 2131 ipse
444 2060 534 2114 vellet
549 2057 840 2130 repraesentationem
858 2077 946 2131 puero
958 2061 988 2134 ip
1002 2061 1127 2132 imagine
1143 2061 1287 2117 delineato

109 2134 305 2184 consecratam
316 2129 434 2184 haberet
446 2127 600 2200 imaginem
617 2129 648 2182 in
663 2128 786 2198 quadam
802 2128 930 2183 interiori
947 2129 1033 2196 aede,
1052 2129 1082 2182 in
1100 2147 1156 2200 qua
1168 2130 1229 2200 ipse
1243 2148 1287 2186 ca-

108 2204 187 2268 peret
200 2214 336 2251 somnum.
372 2197 549 2266 Quapropter
561 2196 695 2251 damnata
707 2196 768 2252 eius
781 2196 929 2268 impietate
942 2197 1133 2252 abscessimus
1146 2197 1182 2253 ab
1195 2215 1235 2253 eo.

175 2263 317 2319 XXVIII.
352 2265 433 2319 Haec
446 2281 509 2317 cum
520 2261 628 2334 Aquila
640 2264 773 2332 dixisset,
786 2264 874 2319 frater
886 2264 947 2319 eius
959 2264 1078 2321 Nicetes
1090 2265 1217 2321 Necesse
1230 2271 1284 2334 est,

110 2333 198 2388 frater
210 2331 358 2399 Clemens,
371 2331 478 2402 inquit,
493 2349 527 2386 ea
539 2349 583 2386 me
597 2349 907 2412 commemorare,.quae
920 2331 955 2387 ab
968 2330 1075 2402 Aquila
1086 2333 1288 2403 praetermissa

109 2407 181 2456 sunt.
204 2399 331 2454 Primum
345 2400 477 2480 equidem
489 2401 568 2454 Deus
581 2400 665 2454 testis
679 2406 732 2468 est,
745 2417 797 2454 nos
810 2418 840 2453 in
851 2400 931 2454 nullo
944 2416 1028 2470 opere
1041 2399 1128 2470 impio
1142 2400 1288 2454 adiuvisse

109 2487 180 2536 eum,
194 2467 248 2522 sed
259 2468 310 2521 illo
323 2467 448 2523 faciente
460 2473 572 2522 tantum
586 2473 741 2538 spectasse.
759 2467 798 2520 Et
810 2466 945 2536 quamdiu
955 2484 1040 2536 opera
1049 2466 1164 2520 innoxia
1174 2467 1287 2534 edebat,

109 2536 337 2604 delectabamur,
359 2535 471 2606 quando
489 2542 584 2590 autem
597 2552 669 2606 quae
681 2553 731 2606 per
743 2534 866 2606 magiam
879 2532 988 2588 fiebant
1000 2550 1051 2605 per
1064 2533 1244 2588 divinitatem
1258 2552 1288 2590 se

14 2639 15 2652 ι
109 2604 203 2659 facere
221 2604 260 2658 ad
276 2603 340 2674 pios
357 2603 486 2658 homines
504 2603 688 2674 decipiendos
706 2601 794 2670 dixit,
811 2618 869 2656 non
880 2601 1002 2724 amplius
1015 2617 1079 2656 euin
1090 2602 1169 2672 passi
1183 2619 1288 2668 sumus,

110 2671 239 2742 quamvis
251 2671 437 2726 multa'nobis
449 2671 640 2741 promitteret:
662 2670 781 2741 primurn
794 2669 909 2740 quidem
934 2687 981 2724 ore
993 2675 1025 2724 ut
1037 2669 1175 2740 templum
1188 2675 1216 2724 et
1232 2675 1289 2724 sta·

109 2745 174 2796 tuac
190 2739 277 2794 nobis
294 2745 517 2807 exstruerentur,
538 2739 646 2809 Diique
663 2739 888 2794 existimaremur
905 2743 934 2794 et
953 2755 970 2792 a
987 2737 1100 2809 populis
1123 2738 1288 2805 coleremur,

110 2808 177 2862 item
194 2825 212 2862 a
228 2807 347 2878 regibus
365 2805 612 2878 magnificaremur
627 2812 713 2876 atque
731 2807 897 2862 donaremur
908 2806 1033 2878 publicis
1049 2805 1217 2875 honoribus,
1235 2824 1289 2862 nec

110 2893 165 2930 non
176 2873 294 2930 infinita
305 2876 334 2928 vi
367 2874 484 2930 ecuniae
498 2875 708 2930 ditesceremus.

175 2941 288 2996 XXIX.
353 2960 404 2999 aec
417 2948 447 2997 et
459 2942 525 3010 alia,
539 2959 611 3013 quae
620 2947 757 3014 putantur
768 2941 882 3010 maiora,
895 2941 979 2997 nobis
988 2941 1189 3014 pollicebatur,
1202 2943 1285 2999 modo

111 3017 141 3066 ut
159 3029 223 3066 cum
241 3027 275 3065 eo
293 3009 422 3066 viventes
440 3028 556 3080 pravum
573 3009 634 3065 eius
652 3011 785 3066 molimen
802 3017 974 3078 taceremus,
992 3028 1047 3082 quo
1060 3010 1137 3065 fraus
1150 3011 1177 3066 ei
1190 3029 1287 3066 succe·

14 3089 16 3156 ζ
112 3079 196 3134 deret.
233 3077 372 3134 Attamen
388 3077 499 3134 assensi
515 3095 573 3133 non
591 3095 701 3146 sumus,
720 3079 874 3149 quinimmo
888 3079 1039 3134 consilium
1052 3079 1191 3147 dedimus,
1205 3085 1237 3134 ut
1249 3079 1285 3134 ab

112 3146 166 3202 istc
180 3146 316 3202 vecordia
333 3147 486 3202 desisteret
499 3146 628 3202 dicentes
641 3146 682 3202 ei:
702 3145 792 3202 Cessa
804 3148 840 3202 ab
852 3147 1015 3202 huiusmodi
1028 3147 1132 3202 audaci
1145 3146 1288 3202 facinore:

113 3214 179 3269 deus
193 3232 258 3270 esee
271 3231 329 3270 non
340 3221 437 3286 potes3
458 3214 527 3269 time
540 3231 617 3282 eum,
636 3214 684 3286 qui
696 3232 762 3270 vere
774 3215 855 3270 Deus
868 3221 921 3271 est.
958 3213 1107 3286 Cognosce
1120 3221 1150 3270 te
1163 3233 1226 3271 esse
1238 3215 1288 3270 ho·

125 3338 321 3348 --———

113 3405 140 3454 Δ.
159 3432 194 3441 -
227 3401 272 3472 16)
297 3399 379 3464 ὄντος
401 3405 485 3456 Bel).
508 3432 543 3441 -
566 3400 610 3472 17)
635 3405 678 3456 Sic
702 3385 957 3468 ἐοοΒΟΙὴΗοοι
970 3399 1050 3464 1:1‚25
1067 3408 1092 3454 et
1110 3405 1230 3453 nostiaIl
1250 3403 1288 3464 it,

112 3473 325 3536 chD,·H0m.
337 3474 354 3523 l.
367 3488 397 3536 c,
416 3477 502 3524 nostra
518 3473 589 3540 Epit.
610 3476 634 3522 et
645 3474 677 3526 al.
722 3469 801 3525 ἕνεκα
812 3471 880 3536 vulg.
898 3497 933 3508 -
950 3466 978 3538 3)
998 3475 1097 3540 σημεῖα
1110 3471 1137 3522 G.
1156 3497 1191 3506 -
1215 3420 1248 3538 4)
1267 3472 1291 3522 sl

14 3575 17 3600 ,
113 3555 149 3606 ep.
163 3541 227 3603 Cot,
242 3539 301 3592 ἴδια
313 3541 376 3592 male
388 3541 456 3604 vulg.
480 3541 591 3592 Subinde
604 3555 678 3608 προ·
722 3540 791 3590 deest
807 3539 834 3589 iii
847 3539 874 3590 G.
893 3567 923 3575 -
947 3533 975 3599 5)
996 3535 1068 3590 πολὺ
1084 3540 1181 3608 μανεὶς
1199 3539 1291 3602 Bon,

113 3603 194 3672 λήψει
210 3609 302 3673 Hom,
320 3609 340 3658 0
358 3614 458 3660 nostrae
471 3608 542 3676 Epit.
554 3613 579 3658 et
591 3608 622 3658 al.
636 3625 676 3675 ap.
721 3609 797 3658 Hom.
810 3607 870 3658 (lod.
884 3607 978 3668 Ottob,
991 3611 1096 3673 uterque
1108 3613 1209 3658 nostrae
1218 3607 1291 3674 Epit.

117 3675 168 3726 (lot.
723 3674 783 3726 [lod.
805 3679 830 3726 et
846 3676 879 3726 el.
900 3691 939 3742 ap.
964 3675 1033 3738 Cot,
1056 3677 1229 3746 πολυμανεὶς
1252 3675 1290 3727 ed.

161 3743 222 3810 Gap.
241 3743 338 3796 XXVI.
366 3739 393 3860 1)
407 3744 446 3802 εἰς
458 3738 508 3795 τὸν
526 3743 638 3793 additum
650 3759 681 3793 ex
722 3745 797 3796 Hom.
810 3743 927 3810 princeps
939 3747 965 3794 et
976 3744 1008 3794 al.
1022 3759 1061 3811 ap.
1075 3745 1129 3797 cot.

112 3811 363 3874 sacn,110m.11‚
393 3807 418 3873 3,
430 3811 595 3877 nostraEpit.
609 3816 634 3862 et
645 3811 676 3860 el.
773 3811 833 3877 Gap.
846 3811 970 3862 XXVIII.
1009 3808 1034 3880 1)
1047 3809 1206 3880 ἀναμνῆσαι
1217 3813 1243 3863 0.
1258 3840 1291 3848 -

112 3893 149 3944 ep.
171 3879 227 3930 cot
245 3905 280 3914 —
299 3874 327 3946 2)
339 3874 464 3946 ἀσεβείας
481 3881 510 3943 Β,
532 3878 577 3928 ubi
596 3883 680 3929 tamen
722 3872 958 3944 2)θειὸτητιΟΙ).
977 3907 1008 3916 -
1033 3877 1061 3948 3)
1079 3883 1155 3932 Vocc.
1172 3881 1218 3931 καὶ
1234 3874 1291 3930 ὑπὸ

113 3945 189 3996 fuisse
213 3945 315 3996 videtur
334 3949 501 4012 θεοσεβείας.
535 3945 681 3997 Lectionum
724 3941 815 4012 ὄχλων
828 3946 1060 4017 προσκυνηθῆναι
1078 3947 1293 3999 inserendaeraiit

112 4007 242 4079 ἀσεβείας,
257 4029 331 4078 quain
342 4014 480 4082 reperimus
493 4013 608 4065 etiamin
621 4013 680 4064 (lod.
724 4011 1061 4078 echD‚H0m.11‚27‚
1082 4013 1293 4078 nostiaEpit.et
1372 4040 1375 4047 ·

113 4081 187 4131 Hom.
201 4081 385 4146 Ottoboniano,
402 4082 476 4132 unice
487 4081 622 4146 genuinam
634 4099 681 4148 pu·
724 4082 756 4131 al.
770 4097 810 4148 ap.
823 4081 877 4132 Get.
890 4110 925 4118 —
941 4078 969 4150 4)
986 4082 1152 4148 βασιλέωςΒ
1171 4084 1196 4128 et
1207 4079 1239 4128 al.
1252 4095 1292 4146 ap.

114 4153 201 4200 umus.
214 4177 250 4185 —
261 4144 289 4216 3)
304 4145 394 4208 οὕτως
406 4150 488 4200 ΒΟΙ).
501 4175 534 4205 -,-
546 4143 573 4266 4)
588 4149 681 4199 Securi·
728 4149 782 4200 cot.

115 4214 172 4265 dum
181 4216 242 4268 (lod.
254 4217 371 4280 Angelici
379 4217 547 4280 fragmentum
573 4217 623 4266 nit:
636 4218 682 4268 καὶ
775 4217 835 4284 Gap.
850 4213 948 4267 XXIX.
986 4214 996 4265 l
1035 4215 1149 4280 μείζονα
1171 4212 1239 4264 deest
1262 4215 1289 4265 iii

14 4325 16 4342 ‚
114 4279 189 4402 αὖτὸἶ
202 4283 321 4350 ἔξαρχοι.
333 4313 368 4322 -
379 4279 407 4351 5)
422 4283 453 4336 δὲ
465 4281 504 4355 μὴ
518 4287 547 4336 Β.
724 4288 829 4348 utroque
841 4285 916 4334 Hom.
929 4211 1027 4349 (Md)
1041 4283 1110 4346 (lod,
1122 4282 1287 4348 nostreEpit.

185 4369 227 4419 ap.
241 4353 353 4405 XXVII.
372 4348 399 4419 1)
413 4350 503 4419 λαβὼν
515 4355 544 4402 Β.
562 4381 586 4388 --
602 4347 630 4419 2)
642 4352 682 4402 Ita
723 4357 748 4402 et
768 4352 864 4401 duobus
884 4353 945 4400 Mss.
967 4367 1005 4418 ap.
1028 4351 1082 4401 cot.
1107 4349 1217 4400 Subinde
1239 4365 1288 4400 om.
