3114 4896
567 213 723 264 EPITOME
740 214 852 264 aaron.
1256 201 1298 266 39

117 365 186 416 runt
198 359 313 416 obviam
325 377 382 414 nou
392 359 479 432 pauci
491 358 606 414 finitimi
623 376 658 414 ae
674 376 709 414 ex
721 360 798 432 'Pyro
810 361 874 432 ipsa
890 360 1048 432 complures
1059 367 1089 416 et
1101 363 1298 419 acclamabant

120 430 267 484 dicentes:
292 427 373 482 Deus
391 443 442 498 per
459 433 487 482 te
504 427 594 482 nostri
612 427 791 496 misereatur,
814 446 865 499 per
884 435 914 483 te
935 447 987 483 nos
1005 434 1092 484 curet.
1127 430 1212 484 Stans
1229 448 1297 504 ergo

119 498 221 551 Petrus
234 497 266 550 in
278 497 392 550 excelso
405 496 510 566 lapide,
523 501 556 550 ut
567 495 697 549 omnibus
707 502 804 566 posset
817 514 880 552 esse
892 496 1077 568 conspicuus,
1094 503 1244 569 postquam
1254 517 1297 554 re-

119 566 224 638 ligioso
237 581 316 618 more
329 565 493 630 salutasset,
506 564 548 618 ita
560 581 674 618 exorsus
688 570 741 619 est:

187 649 266 703 LIV.
293 648 358 702 Deo
371 647 513 702 conditori
525 647 613 714 eseli,
630 652 722 703 terrae
735 665 768 704 ao
781 649 866 702 maris
882 665 940 702 non
953 648 1035 702 deest
1047 649 1161 704 occasio
1173 650 1211 704 ad
1223 651 1297 706 salu-

119 723 178 771 tem
190 735 303 782 eorum,
322 716 370 784 qui
384 715 490 770 servari
504 715 636 797 eupiunt3
653 721 750 785 potest
763 716 879 770 enimet
892 716 1124 770 animasnostras
1138 723 1167 771 et
1182 735 1298 788 corpora

122 801 241 839 servare.
278 783 373 837 Audio
385 784 498 853 utique,
519 783 660 837 Simonem
677 801 792 856 magum
807 783 880 838 bove
898 790 1022 838 mactato
1042 783 1202 839 convivium
1214 785 1296 839 vobis

122 854 150 906 in
162 853 258 906 medio
271 851 332 906 foro
346 851 460 905 dedisse
474 869 507 905 ac
519 852 586 905 vino
598 852 687 905 multo
701 852 829 922 expletos
841 851 1009 922 perniciosis
1023 852 1127 906 morbis
1140 871 1174 906 ao
1186 853 1297 907 daemo-

122 920 205 973 nibus
223 920 389 973 tradidisse.
424 917 465 971 At
487 917 563 973 certe
587 919 661 972 sicut
682 919 826 989 perceptis
843 917 1006 986 sacrifieiis,
1024 937 1096 990 quae
1113 921 1297 975 daemonibus

123 988 219 1042 oblata
228 987 354 1053 fuerant,
371 987 498 1040 malitiae
509 987 573 1040 duci
588 987 692 1040 servire
705 987 798 1040 eoacti
811 987 890 1054 estis,
902 987 944 1042 ita
956 987 981 1041 si
989 988 1024 1040 iis
1036 988 1145 1042 relictis
1158 989 1195 1042 ad
1203 988 1297 1043 Deum

122 1073 170 1126 per
187 1055 335 1108 dominum
351 1059 478 1108 nostrum
495 1055 589 1108 Iesum
607 1053 750 1108 Christum
768 1055 960 1123 accesseritis,
978 1055 1108 1126 profecto
1126 1057 1229 1110 scitote
1246 1074 1296 1110 vos

123 1141 183 1176 eum
196 1123 325 1192 eorporis
338 1122 462 1176 sanitate
476 1123 561 1176 etiam
574 1122 683 1176 animas
701 1140 784 1176 sanas
796 1122 942 1177 habituros
960 1140 1023 1176 esse
1035 1123 1099 1178 Deo
1111 1124 1219 1194 placita
1232 1142 1297 1178 con-

124 1191 269 1244 sectando.
311 1188 444 1244 Ceterum
461 1189 525 1244 Deo
541 1191 649 1260 placita
667 1193 732 1243 sunt
749 1207 812 1244 eum
829 1191 950 1260 precari,
974 1191 1183 1244 daemoniorum
1199 1209 1297 1246 mensa

123 1257 282 1324 abstinere,
301 1257 469 1328 sanguinem
486 1275 544 1312 nou
560 1258 702 1328 attingere
722 1275 772 1311 seu
788 1264 918 1328 gustare,
937 1259 973 1312 ab
990 1258 1066 1312 omni
1083 1258 1296 1327 inquinamento

125 1325 323 1378 immaculatos
342 1342 371 1378 se
389 1341 569 1391 conservare,
592 1325 622 1378 in
641 1325 740 1378 multis
763 1326 925 1394 corporibus
942 1343 998 1379 una
1019 1331 1114 1378 mente
1132 1326 1296 1397 gradientes

142 1393 197 1446 uod
208 1391 406 1462 unusquisque
420 1393 475 1446 sibi
487 1393 559 1459 vult,
569 1392 599 1444 id
612 1398 641 1446 et
653 1392 687 1446 de
696 1393 822 1462 proximo
833 1393 960 1464 cogitare
970 1411 1003 1447 ac
1013 1409 1122 1463 cupere.
1145 1392 1197 1447 Ait
1207 1394 1295 1448 enim:

124 1411 186 1516 Son
197 1460 244 1512 vis
258 1458 402 1514 interfici?
414 1466 447 1514 tu
459 1461 578 1514 alterum
590 1478 647 1514 non
656 1459 813 1528 interficias
818 1477 825 1526 3
841 1478 898 1514 non
913 1460 957 1514 vis
974 1477 1088 1514 uxorem
1100 1467 1178 1514 tuam
1190 1462 1227 1515 ab
1239 1461 1296 1516 alio

124 1526 324 1597 constuprari?
352 1528 470 1581 alterius
492 1533 610 1608 nuptam
630 1545 666 1582 ne
686 1533 788 1582 constu
808 1545 854 1595 ra;
875 1545 933 1582 non
953 1527 997 1580 vis
1018 1527 1163 1598 quidpiam
1184 1529 1297 1583 omnino

122 1613 213 1650 rerum
225 1601 339 1648 tuarum
350 1595 426 1649 furto
439 1594 562 1652 aufem?
574 1595 646 1648 nihil
658 1595 775 1650 alterius
819 1612 888 1649 rare.
914 1593 1010 1664 Atque
1023 1597 1064 1649 ita
1076 1613 1110 1649 ex
1122 1595 1204 1649 vobis
1216 1596 1296 1666 ipsis,

125 1664 199 1733 quod
210 1663 319 1717 rationi
332 1669 555 1717 consentaneum
567 1669 620 1730 est,
634 1663 833 1734 intelligentes
851 1679 885 1717 ae
899 1663 1057 1718 consectati
1069 1663 1133 1717 Deo
1146 1663 1204 1718 cari
1217 1663 1296 1716 eritis

127 1736 155 1786 et
168 1731 326 1785 sanitatem
338 1731 536 1800 assequemini.

189 1815 254 1870 LV.
280 1815 362 1869 Haec
374 1832 391 1868 a
402 1815 487 1870 Petro
498 1815 597 1886 paucis
610 1814 711 1869 diebus
724 1813 832 1880 edocti,
852 1813 955 1869 deinde
972 1820 1002 1869 et
1014 1816 1188 1870 curationem
1199 1815 1297 1885 adepti

125 1884 160 1938 ad
172 1901 287 1938 sacrum
298 1882 470 1952 baptismum
482 1888 672 1936 accesserunt.
708 1881 786 1946 Quae
804 1900 866 1936 cum
884 1881 994 1936 Sidonii
1010 1883 1176 1949 audiissent,
1191 1883 1297 1962 suppli-

124 1957 237 2005 caturos
255 1951 293 2004 ad
308 1950 423 2004 Petrum
440 1951 577 2004 miserunt
595 1956 624 2004 et
640 1949 803 2005 acciverunt
824 1967 887 2002 eum
908 1950 946 2003 ad
967 1969 1011 2018 se,
1052 1952 1100 2006 uia
1120 1967 1221 2020 nempe
1241 1951 1297 2021 ipsi

124 2025 240 2089 propter
256 2017 369 2072 morbos
387 2018 425 2072 ad
441 2018 522 2070 illum
543 2019 639 2072 venire
661 2035 718 2071 non
735 2023 873 2087 poterant.
913 2017 1006 2088 Igitur
1051 2025 1127 2072 etrus
1147 2024 1297 2088 postquam

123 2085 1298 2225 tetulit.lttttttttlttti,istuttristissimus?

125 2240 242 2292 scopum
262 2221 333 2291 ipsis
354 2221 566 2288 constituisset,
594 2219 727 2274 Sidonem
748 2219 892 2290 profectus
918 2228 970 2276 est.
1013 2221 1179 2293 Rursusque
1201 2222 1297 2275 Simon
1360 2213 1366 2225 ⁹

124 2308 224 2361 magns
239 2294 396 2358 comperto,
408 2289 465 2342 iam
477 2290 631 2343 adventare
643 2289 773 2355 Petrum,
784 2289 859 2342 ultro
871 2289 984 2362 aufugit
996 2295 1025 2344 et
1037 2292 1073 2344 ad
1085 2290 1223 2361 Berytum
1235 2307 1298 2344 eum

124 2357 258 2429 Appione
270 2356 388 2426 eiusque
402 2356 488 2410 sociis
502 2374 532 2411 se
545 2357 674 2410 eontulit.
833 2399 843 2411 .

191 2425 269 2479 LVI.
298 2423 430 2477 Ceterum
441 2424 491 2478 ubi
503 2425 605 2478 Petrus
615 2423 903 2496 Sidonem-ingressus
917 2429 969 2491 est,
981 2425 1086 2478 multos
1099 2424 1128 2476 in
1140 2423 1223 2478 lectis
1234 2440 1298 2501 por·
1385 2479 1392 2494 ⁸

125 2497 258 2548 taverunt
275 2491 356 2546 acin
374 2497 530 2572 conspeetu
545 2492 606 2546 eius
639 2498 780 2546 osuerunt.
814 2490 855 2544 At
866 2491 968 2544 Petrus
986 2491 1022 2544 ad
1039 2507 1087 2544 eos
1099 2491 1144 2545 Ne
1156 2491 1298 2544 existime-

125 2561 170 2628 tis,
183 2559 294 2630 inquit,
311 2575 355 2613 me
371 2558 479 2629 aliqurd
494 2577 578 2640 posse
596 2511 819 2614 adcurationem
830 2563 967 2623 vestram,
980 2557 1028 2626 qui
1041 2577 1102 2610 sum
1114 2557 1175 2627 ipse
1188 2574 1298 2626 quoque

125 2629 207 2682 homo
227 2626 356 2681 mortalis
375 2643 409 2680 ae
421 2629 518 2680 multis
530 2625 762 2707 perpessionibus
779 2626 933 2692 obnoxius,
951 2627 1051 2679 docere
1068 2631 1162 2679 autem
1179 2642 1228 2678 vos
1241 2641 1298 2677 mo-

126 2698 205 2763 dum,
228 2712 284 2764 quo
306 2695 377 2748 salvi
389 2710 453 2748 esse
472 2695 618 2765 poteritrs,
638 2711 696 2748 non
716 2695 864 2766 gravabor,
885 2698 984 2773 utpote
1002 2693 1050 2762 qui
1071 2693 1081 2745 i
1103 2709 1133 2746 se
1155 2707 1264 2772 quoque
1281 2709 1299 2745 a

126 2763 241 2818 Christo
258 2763 376 2816 edoctus
394 2763 447 2815 sim
464 2768 493 2816 et
511 2763 668 2832 discipulus
684 2763 753 2818 boni
765 2763 843 2816 illius
855 2766 1020 2816 exstrterrm.
1055 2711 1135 2815 iffaec
1152 2767 1181 2814 et
1194 2759 1298 2814 Srdone

124 2832 209 2886 Petro
229 2831 369 2884 suadente
386 2830 422 2884 iis
439 2830 487 2898 qui
503 2835 702 2896 convenerant,
722 2848 785 2884 cum
801 2829 901 2901 paucis
920 2829 1020 2883 diebus
1036 2829 1119 2882 multi
1135 2828 1177 2883 ibi
1188 2845 1299 2898 quoque

125 2897 307 2970 poenitentia
320 2897 400 2952 ducti
415 2897 538 2952 fuissent
551 2915 584 2951 ac
603 2897 806 2965 credidissent,
825 2897 891 2952 dein
904 2901 933 2950 et
946 2896 1068 2952 sanitate
1083 2896 1181 2951 donati
1193 2900 1298 2961 essent,

126 2966 281 3021 ecclesiam
293 2965 429 3034 instituit,
443 2971 472 3020 et
481 2970 630 3035 postquam
638 2966 677 3019 ali
698 2983 762 3020 uem
775 2984 810 3020 ex
821 2965 1006 3036 presbyteris,
1019 2965 1067 3036 qui
1080 2983 1144 3019 eum
1153 2968 1299 3019 consecta-

127 3035 242 3099 bantur,
256 3033 455 3088 constituisset
468 3033 641 3103 episcopum,
655 2983 760 3088 Sidone
774 3033 926 3105 egreditur.

191 3101 286 3155 LVII.
314 3100 417 3155 Statim
433 3105 528 3155 autem
547 3117 581 3153 ac
593 3100 731 3171 Berytum
769 3101 893 3167 ervenit,
911 3106 1112 3155 terraemotus
1132 3099 1299 3178 factusnest3

126 3175 212 3250 atque
254 3168 318 3222 lebs
338 3167 479 3223 accedens
497 3168 535 3247 ad
549 3167 679 3236 Petrum,
700 3174 732 3223 ut
749 3119 837 3224 lerret
859 3185 953 3238 opem,
966 3169 1105 3247 rogabat.
1142 3167 1299 3246 Trmmmus

127 3255 217 3304 emm,
230 3187 384 3332 dicebant,
401 3253 438 3290 ne
455 3235 585 3289 funditus
600 3235 763 3306 periremus.
799 3236 882 3290 Tunc
901 3241 930 3290 et
943 3235 1041 3291 S1mon
1055 3235 1176 3289 audacia
1188 3239 1300 3304 sumpta

128 3477 148 3509 c.
158 3460 235 3522 BOD,
248 3459 324 3510 Hom.
336 3459 396 3521 VH,
409 3455 434 3521 1,
444 3463 530 3508 nostra
541 3459 612 3576 Epit.
626 3463 650 3508 et
662 3459 695 3508 al.
739 3452 843 3522 στήσας
863 3451 959 3513 αὐτοῖς
969 3455 1020 3505 inv.
1036 3455 1062 3504 G.
1079 3481 1114 3489 -
1129 3448 1157 3520 4)
1175 3449 1300 3522 Βιρυτὸν

127 3543 165 3594 ap.
179 3528 251 3589 Cot,
270 3521 416 3592 ἀπήντουν
430 3526 499 3590 vulg.
511 3553 546 3562 -
579 3521 695 3594 )ἐλεήτο
737 3527 769 3576 D.
782 3551 815 3560 -
827 3520 855 3592 5)
868 3519 939 3592 μετά
950 3539 981 3592 γε
997 3523 1051 3574 OD.
1062 3548 1097 3559 —-
1113 3516 1141 3589 6)
1155 3518 1257 3588 ἑτέρων
1268 3521 1299 3583 D,

127 3595 157 3644 al.
170 3611 213 3661 ap.
227 3595 281 3645 Got.
292 3622 326 3632 -
335 3591 363 3662 8)
371 3594 416 3646 καὶ
427 3593 502 3644 inser.
516 3595 561 3646 CD
574 3601 600 3645 et
611 3595 643 3644 al.
656 3611 695 3661 ap.
740 3593 807 3644 idem
819 3593 869 3643 fuit
877 3593 904 3642 iu
915 3595 946 3642 Β.

129 3663 182 3713 Cot.
790 3661 850 3728 Cap.
867 3661 935 3712 LVI.
971 3656 996 3718 1)
1023 3657 1129 3723 Πέτρος
1149 3673 1197 3708 om.
1221 3657 1300 3720 BOD,

178 3729 244 3795 Cap.
258 3729 325 3778 LIV.
363 3724 390 3844 1)
403 3729 449 3780 καὶ
466 3726 582 3796 δαίμοσι
604 3745 651 3778 om.
664 3729 695 3778 D.
739 3729 814 3780 Hom.
832 3729 890 3791 VII,
908 3725 924 3778 6
943 3732 967 3778 et
985 3733 1071 3777 nostra
1086 3727 1156 3794 Epit.
1169 3755 1204 3762 -
1218 3721 1244 3792 2)
1257 3727 1302 3777 καὶ

129 3792 203 3863 -2)
216 3797 308 3845 Mattb.
320 3793 372 3858 ἵ,1
392 3823 445 3844 .—
462 3791 490 3862 3)
504 3798 574 3863 φησὶ
586 3793 638 3864 γὰρ
649 3813 696 3844 om.
741 3813 788 3846 eru.
801 3793 915 3860 B.-3)
930 3795 1055 3860 σωθῆναι
1067 3795 1135 3846 deest
1146 3795 1173 3844 in
1185 3789 1300 3860 D.-4)

127 3866 205 3914 Hom.
220 3864 278 3925 VH,
289 3857 315 3925 4,
327 3869 414 3913 nostra
424 3863 495 3929 Epit.
508 3868 533 3913 et
545 3866 575 3914 al.
589 3865 630 3935 ᾗ
642 3864 696 3913 (lot.
740 3860 770 3916 εὐ
784 3863 884 3948 φρονῶ
900 3881 925 3931 p.
943 3862 977 3916 οὐ
990 3862 1093 3930 φθονῶ
1104 3864 1135 3911 al.
1152 3863 1302 3927 311001.-

128 3960 160 3968 -
179 3927 210 3998 4)
224 3925 260 3981 σὺ
272 3932 355 3996 recepi
368 3933 437 3980 exB.
455 3959 490 3966 —
509 3927 537 3998 5)
551 3925 698 3998 φονεύσεις
739 3927 767 3998 5)
780 3948 814 3982 αν
823 3948 871 3980 om.
885 3929 993 3996 B.—6)
1006 3926 1122 3998 ἡμέραις
1134 3925 1240 3994 ὀλίγαις
1250 3929 1301 3977 inv.

129 4001 155 4049 B.
167 4027 204 4035 -
215 3994 244 4065 6)
256 4014 284 4048 τε
294 4015 342 4048 om.
357 3999 383 4048 Ο.
394 4026 426 4034 -
445 3993 472 4065 7)
483 3993 659 4062 staretstart
668 4001 697 4048 B.
739 3999 813 4060 BCD,
826 3999 901 4048 Hom.
914 4000 976 4060 VII,
990 3994 1006 4045 8
1018 4003 1043 4046 et
1054 4001 1140 4046 nostra
1151 3995 1220 4059 Epit.
1230 4022 1265 4030 —
1276 3989 1301 4055 7)

178 4067 244 4132 Cap.
254 4066 309 4115 LV.
345 4061 372 4132 1)
391 4066 434 4116 Sic
446 4066 537 4126 BDD,
549 4067 624 4114 Hom.
639 4066 698 4126 VII,
741 4070 849 4118 κακεῖσε
861 4065 934 4115 BGD.
945 4093 977 4100 -
990 4061 1017 4128 8)
1030 4063 1172 4127 ἐκκλησίαν
1185 4076 1215 4110 τε
1226 4063 1255 4108 Β.
1268 4088 1303 4096 -

129 4131 151 4196 5,
173 4139 263 4183 nostra
280 4134 350 4199 Epit.
370 4137 394 4182 et
411 4134 442 4182 al.
460 4150 500 4199 ap.
521 4134 573 4183 cor.
595 4129 650 4200 (ubi
666 4134 697 4182 al.
741 4129 769 4200 9)
782 4129 876 4190 αὐτοῖς
886 4133 961 4182 inser.
975 4132 1035 4191 ΒΟ,
1052 4131 1127 4179 Hem.
1139 4129 1156 4176 1,
1169 4142 1198 4186 c.,
1217 4132 1303 4176 nostra

130 4203 206 4251 etiam
222 4196 418 4267 ἀπέστειλαν),
436 4201 567 4252 ἔστελλον
585 4203 652 4262 vulg.
665 4227 700 4235 -
741 4201 811 4268 Epit.
825 4205 849 4248 et
861 4200 892 4248 al.
906 4215 944 4266 ap.
955 4200 1008 4248 (lot.
1018 4197 1177 4260 Subsequens
1186 4193 1300 4246 ἐπίσκο-

128 4265 155 4334 2)
174 4268 290 4321 ἔκεῖνων
309 4269 449 4336 properisp.
465 4270 497 4318 D.
521 4297 554 4305 —
574 4263 603 4335 3)
615 4287 699 4319 κατα·
743 4285 801 4320 πον
812 4282 863 4317 non
875 4272 913 4316 est
924 4267 950 4316 in
963 4267 993 4315 D.
