3162 4900
392 331 1126 388 ADCLEMENTISROM.QUAEFER.HOM1L1AS.
1278 319 1339 384 271

169 485 189 536 l.
203 497 227 535 c.
261 479 336 534 ,424Ι
366 477 531 548 Aliquando
545 475 654 530 mihiin
668 483 790 531 mentem
803 479 893 546 venit,
906 486 972 548 post
984 480 1157 534 vocabulum
1172 488 1341 555 νομισθείσῃ

170 497 327 602 exciSisse:
340 551 461 616 μιχθείς,
497 544 538 596 At
550 561 607 597 non
619 545 802 614 repugnabo,
820 545 920 616 siquis
933 546 962 599 in
975 563 1021 615 eo,
1035 548 1112 617 quod
1124 547 1152 600 in
1165 548 1245 600 libris
1258 566 1341 600 mscr.

169 621 227 692 est,
250 612 446 694 acquieverit.¹
470 609 605 665 Ceterum
623 613 763 690 adnotatu
784 612 861 666 haud
882 612 1043 694 indignum,
1064 614 1093 668 in
1110 614 1236 684 Recogn.
1254 615 1293 693 X,
1308 617 1342 668 22

167 677 1343 823 arietabat-'tlal{latitatilltttttltlltr,tttlttttltt

167 815 288 870 Pollux“
300 821 329 868 et
341 813 439 882 paucis
448 811 543 865 verbis
552 812 725 881 interjectis:
740 812 893 880 „Nemesin
903 821 1028 869 mutatus
1038 815 1067 870 iu
1079 819 1235 883 anserem“;
1246 833 1342 886 quam-

168 899 254 952 quam
272 887 369 934 notum
382 885 440 946 est,
456 897 585 932 anserem
600 879 629 930 in
643 879 742 933 fabula
760 883 795 933 de
808 881 890 933 Leda
907 881 1035 936 habitum
1054 899 1118 936 esse
1136 882 1238 936 Jovem
1254 891 1342 936 tama

169 947 357 1018 scriptoribus
370 963 453 1016 quam
465 947 501 999 ab
513 945 679 1012 artificibus,
690 947 740 999 cfr.
752 945 889 1001 O.Jahuii
900 948 1026 1018 Symbol.
1037 949 1179 1003 archaeol.
1189 949 1247 1018 pa,
1255 957 1342 1019 atque

168 1016 255 1069 etiam
274 1015 388 1068 aliunde
408 1019 533 1080 constat,
558 1013 669 1066 Ledam
694 1015 814 1068 eandem
834 1015 970 1069 Nemesin
991 1015 1080 1070 visam
1103 1033 1165 1070 esse
1189 1017 1341 1082 veteribus,

170 1083 221 1136 cfr.
241 1081 407 1150 Spanhemii
425 1081 522 1134 adnot.
541 1081 576 1133 ad
596 1079 762 1134 Callimacb.
780 1082 805 1134 H
829 1101 885 1135 mu.
907 1084 935 1135 in
953 1084 1040 1137 Dian.
1053 1083 1102 1137 Vs.
1114 1085 1173 1136 232.
1192 1089 1220 1136 et
1234 1083 1341 1154 Heynii

171 1150 268 1204 adnot.
283 1149 319 1202 ad
330 1145 498 1216 Apollodor.
512 1147 586 1200 Bibl.
600 1149 705 1226 111‚‚13‚
720 1150 743 1202 7.
760 1179 794 1187 -
840 1191 846 1203 .
863 1151 879 1202 3
896 1155 963 1218 post
981 1153 1083 1204 verba:
1106 1156 1206 1230 Λαμίᾳ
1218 1152 1307 1223 &nepo
1327 1185 1341 1194 -

172 1216 256 1286 σώθη
271 1218 362 1283 ἔποψ,
383 1215 571 1283 exspectabas
592 1215 682 1282 prolis
700 1215 881 1270 mentionem.
912 1217 973 1272 Nec
991 1223 1084 1270 tamen
1104 1218 1187 1271 facile
1200 1217 1288 1284 dictu,
1304 1173 1340 1272 rie

191 1301 230 1337 ua
241 1285 323 1352 prole
336 1300 429 1335 sermo
444 1281 536 1336 fuerit.
572 1281 700 1334 Lamiam
720 1282 825 1338 adore
838 1283 967 1336 vitiatam
985 1285 1136 1336 memoriae
1175 1284 1343 1338 rodiderunt

171 1303 330 1404 lausaniae
345 1347 393 1401 Gr.
406 1349 506 1420 Descr.
525 1349 615 1416 Χ,12,
631 1351 653 1413 1,
671 1349 843 1403 Plutarchus
862 1351 896 1404 de
913 1350 997 1420 Pyth.
1018 1349 1099 1403 Orac.
1117 1351 1142 1414 9,
1186 1352 1341 1404 tolemaeus

172 1417 330 1486 Hephaest.
343 1416 415 1469 Nov.
428 1415 503 1468 Hist.
516 1417 532 1468 l.
546 1415 595 1482 VI,
609 1434 635 1484 p.
650 1417 706 1484 196,
719 1418 752 1469 21
766 1435 778 1468 s
802 1436 827 1486 q.
841 1419 884 1471 ed.
898 1417 1116 1485 Westermann,
1128 1417 1293 1470 Heraclitus
1307 1420 1342 1472 de

172 1485 314 1538 Incredib.
332 1483 469 1546 XXXIV,
492 1500 519 1550 p.
537 1483 617 1535 319⁵
641 1502 666 1552 q.
690 1485 733 1536 ed.
797 1491 908 1536 esterm.
932 1484 1091 1537 Pausanias
1115 1491 1142 1536 et
1170 1485 1342 1538 Plutarchus

171 1553 302 1606 Lamiam
321 1551 448 1620 Neptuni
465 1548 552 1602 filiam
570 1556 599 1604 et
646 1549 800 1618 erophiles,
820 1549 948 1620 Sibyllae
965 1550 1138 1619 Delphicae,
1155 1557 1274 1604 matrem
1285 1558 1341 1606 tra-

171 1623 251 1674 dunt.
270 1619 452 1672 Ptolemaeus
466 1617 559 1686 Heph.
574 1635 608 1670 ex
621 1617 694 1670 Jove
708 1623 736 1669 et
748 1617 849 1670 Lamia
861 1625 1032 1687 prognatum
1052 1635 1113 1672 esse
1127 1617 1228 1671 scribit
1243 1617 1341 1672 Achil-

169 1689 234 1752 lem,
250 1688 391 1740 divcrsum
405 1684 520 1753 quidem
538 1701 555 1736 a
573 1683 759 1738 celeberrimo
771 1684 833 1752 illo,
858 1702 943 1756 quem
958 1685 1038 1738 Pelei
1057 1693 1086 1738 et
1102 1685 1235 1738 Thetidis
1251 1683 1340 1739 filium
1431 1706 1437 1716 ·

169 1752 375 1824 perhibebant,
396 1758 426 1804 at
444 1758 540 1804 tamen
560 1751 591 1806 τὸ
610 1751 708 1812 κάλλος
727 1751 881 1825 ἀμήχανον,
906 1751 939 1808 ὃν
954 1758 999 1806 καὶ
1011 1756 1139 1820 ἐρίσαντα
1152 1758 1216 1826 περὶ
1228 1753 1342 1816 κάλλους

169 1825 283 1889 νικῆσαι
296 1821 347 1874 τοῦ
356 1819 451 1879 Πανὸς
462 1825 614 1890 κρίναντος.
633 1817 679 1871 An
690 1818 775 1872 talem
786 1819 926 1873 bominem
941 1837 958 1873 a
970 1819 1043 1874 Jove
1056 1822 1085 1873 in
1096 1839 1223 1889 upupam
1233 1825 1341 1874 mutato

170 1891 300 1958 genitum
320 1903 384 1940 esse
407 1886 565 1938 credebant
581 1885 711 1939 veteres?
741 1885 874 1940 Ceterum
891 1887 977 1940 etiam
993 1887 1023 1940 in
1045 1904 1078 1941 eo
1100 1888 1242 1954 offendas,
1265 1889 1342 1957 quod

170 1956 250 2008 nulla
263 1959 313 2008 aut
330 1953 423 2006 mariti
438 1959 487 2004 aut
502 1952 590 2018 patris
602 1953 722 2006 Lamiae
742 1953 820 2008 facta
833 1960 877 2006 est
892 1954 1006 2008 mentio.
1036 1956 1151 2024 Ergone
1169 1955 1241 2007 haec
1253 1956 1342 2008 verba

169 2023 262 2076 serius
276 2023 313 2075 ab
328 2021 385 2074 alia
397 2037 483 2072 manu
495 2019 593 2072 addita
608 2021 750 2074 censenda
764 2021 852 2074 sunt?
869 2023 908 2076 Ut
920 2023 961 2076 ita
974 2021 1053 2074 sit—
1063 2023 1142 2090 parvi
1156 2021 1230 2075 enim
1243 2021 1340 2088 refert,

169 2089 351 2154 quodetiam
373 2088 403 2140 in
425 2087 576 2156 Recognit.
605 2087 641 2152 X,
663 2088 697 2140 22
715 2087 787 2141 nihil
809 2088 947 2157 scriptum
969 2089 1074 2159 legitur
1095 2088 1164 2142 nisi:
1191 2089 1339 2155 „Lamiam

168 2163 296 2210 mutatus
308 2155 337 2208 in
350 2156 522 2224 upupam“*)
535 2185 582 2220 -,
601 2160 631 2207 at
643 2163 739 2208 manet
751 2157 896 2224 quaestio,
916 2173 1000 2227 quam
1016 2162 1128 2212 veteres
1141 2158 1252 2226 prolem
1263 2157 1341 2210 Iovis

169 2227 199 2278 in
217 2240 340 2293 upupam
364 2223 465 2274 mutati
483 2229 511 2274 et
528 2221 647 2274 Lamiae
664 2225 832 2290 statuerint3
852 2241 917 2276 nam
935 2243 970 2278 ne
993 2241 1028 2278 ue
1049 2224 1207 2292 Herophile
1231 2222 1342 2294 Sibylla

169 2293 241 2344 satis
254 2297 323 2359 apta
335 2289 372 2342 ad
385 2289 471 2342 talem
483 2295 593 2356 patrem
603 2288 723 2341 videtur.
735 2321 769 2329 —
781 2290 814 2344 V.
827 2291 844 2344 4
857 2310 943 2360 quum
954 2244 1082 2345 obsidat
1094 2291 1184 2353 αὐτὸς,
1199 2291 1341 2360 conjicere

170 2359 275 2428 aliquis
288 2359 380 2426 possit
393 2357 588 2424 reponendum
602 2373 677 2409 esse:
700 2357 819 2418 ὁαῠτὸς.
856 2361 912 2412 Sed
932 2359 1046 2410 facilius
1069 2357 1252 2423 crediderim,
1274 2364 1341 2426 post

169 2423 616 2500 Μνημοσύνηνυποὶᾰίεεθρυυυπ
625 2425 721 2487 verba,
729 2423 920 2494 significantia
931 2427 1137 2494 Mnemosynen
1148 2423 1238 2477 fuisse
1248 2424 1258 2476 i
1281 2441 1341 2476 sam

169 2494 250 2548 Jovis
264 2491 388 2546 amitam.
421 2491 476 2544 Cfr.
489 2493 577 2544 verba
593 2491 689 2560 paullo
704 2491 779 2546 infra
791 2510 814 2544 v.
829 2494 893 2546 6de
906 2492 1079 2560 Proserpina
1089 2492 1192 2576 posita.
1208 2521 1239 2530 -
1259 2441 1340 2544 biffi-

173 2561 240 2614 cilia
257 2561 295 2613 ad
308 2559 516 2612 emendandum
530 2564 596 2610 sunt
608 2560 695 2612 verba
707 2558 741 2611 V.
761 2561 778 2612 b
793 2559 900 2628 posita:
927 2563 1054 2633 Σεμέλην
1068 2578 1118 2627 την
1130 2557 1183 2614 Κάι
1193 2581 1250 2630 μου
1269 2581 1340 2628 πυρ-

173 2636 278 2684 σαίνων
291 2633 386 2697 popei:
400 2643 465 2678 nam
478 2625 648 2678 vocabulum
662 2632 826 2695 πυρσαίνων
855 2625 986 2680 enuinum
997 2643 1054 2679 non
1066 2641 1137 2692 esse,
1151 2624 1196 2676 vix
1209 2625 1341 2694 estquod

170 2710 344 2749 moneamus.
367 2693 498 2746 Debetur
510 2692 581 2744 illud
595 2693 750 2746 Dresselio
782 2692 821 2748 Co
844 2711 902 2746 rces
919 2693 1077 2762 porrigunt,
1091 2691 1127 2745 0:
1146 2697 1286 2762 πυρσέων,
1302 2693 1339 2746 0:

170 2768 329 2836 πυρσένων.
346 2760 572 2828 Recognitiones
585 2759 725 2827 praebent
741 2759 777 2828 X,
790 2763 835 2814 22ι
854 2761 1001 2828 „Semelen
1016 2758 1161 2812 Cadmiam
1175 2765 1299 2812 mutatus
1312 2759 1341 2812 in

169 2832 292 2898 igncm“.
312 2827 414 2880 Fuisse
447 2828 474 2878 ui
485 2826 586 2879 Jovem
598 2825 723 2880 Semeles
734 2844 830 2882 amore
844 2835 958 2896 captum
970 2827 1000 2880 in
1012 2827 1021 2878 i
1044 2827 1071 2878 ni
1085 2825 1233 2880 delituisse
1244 2843 1340 2880 cense-

168 2904 242 2974 rent,
250 2894 388 2973 crappul
404 2844 623 2964 jibletamorph.
633 2893 683 2962 VI,
694 2914 719 2964 p.
727 2895 778 2948 424
785 2895 928 2966 conjicere
938 2895 1014 2948 licet.
1023 2845 1128 2963 ignem
1138 2894 1338 2962 autemprocul

172 2964 260 3018 dubio
286 2961 489 3015 intellexerunt
513 2960 629 3014 fulmen.
658 2962 692 3014 In
717 2963 825 3016 fulmen
848 2980 986 3016 summum
1004 2962 1087 3014 deum
1107 2965 1245 3012 mutatum
1267 2976 1339 3025 esse,

170 3031 260 3084 refert
277 3029 454 3098 Apollinaris
474 3027 606 3081 Sidonius
627 3027 717 3083 Carm.
730 3028 794 3094 XV,
815 3033 864 3086 173
877 3050 889 3083 s
912 3049 946 3100 q,
964 3047 1048 3100 quem
1060 3029 1154 3080 locum
1167 3044 1221 3080 non
1235 3026 1264 3079 in
1278 3045 1341 3080 cen-

172 3116 234 3151 sum
249 3102 381 3149 vocatum
393 3095 428 3148 ab
441 3094 567 3172 lingere,
580 3095 629 3163 qui
640 3095 658 3148 l.
673 3113 695 3149 c.
708 3115 734 3165 p.
747 3099 799 3150 422
812 3115 873 3167 sqq,
886 3049 1050 3152 iustissime
1063 3096 1199 3149 tractavit
1211 3112 1252 3160 ea,
1267 3111 1341 3166 quae

173 3167 209 3220 de
218 3163 300 3218 Jovis
311 3163 382 3216 t'also
392 3162 493 3214 habitu
506 3164 641 3216 occultati
651 3163 758 3232 nuptiis
770 3165 951 3217 variaverunt
964 3166 1126 3231 scriptores,
1140 3163 1187 3216 hic
1198 3162 1341 3232 integrum

169 3247 325 3302 apponam:
344 3229 485 3299 „Jamque
498 3229 597 3282 Jovem
612 3231 640 3282 in
655 3229 761 3284 formas
774 3237 878 3298 mutat,
891 3231 994 3300 quibus
1011 3231 1059 3284 ille
1072 3237 1169 3284 tenere
1181 3231 1341 3298 Mnemosy-

169 3317 248 3365 nem,
282 3299 438 3371 Europam,
464 3295 609 3364 Semelen,
631 3296 753 3364 Ledam,
775 3296 953 3366 Cynosuram
973 3295 1109 3365 Serpens,
1134 3298 1201 3360 bos,
1224 3297 1340 3362 fulmen,

173 3383 294 3436 cygnus,
306 3363 454 3433 Dictynna
467 3364 606 3419 solebat.“
642 3363 782 3416 Codicum
803 3371 832 3418 et
850 3364 1091 3434 Recognitionum
1114 3365 1270 3429 scripturas
1292 3363 1341 3432 qui

169 3435 261 3502 probe
279 3431 479 3500 pensitaverit,
501 3431 524 3484 is
547 3437 597 3484 aut
621 3434 686 3502 πῦρ
707 3431 895 3503 γενόμενος
912 3436 963 3484 aut
984 3429 1117 3504 πυρσὸς
1138 3427 1182 3483 ὢν
1203 3428 1340 3497 scriptum

171 3501 262 3554 fuisse
276 3500 419 3568 conjiciet.
443 3497 585 3568 Equidem
597 3516 654 3551 non
672 3499 771 3554 dubito
805 3498 930 3554 raeferre
943 3499 982 3564 id,
1015 3498 1072 3550 uod
1085 3495 1244 3564 posteriore
1258 3513 1309 3563 pos
1333 3496 1339 3508 '

170 3569 249 3633 lucc,
269 3583 355 3636 quum
375 3565 541 3634 praesertim
560 3583 727 3634 persuasum
750 3517 885 3630 habeam,
906 3566 962 3636 ipsi
980 3515 1053 3619 abeo
1072 3561 1190 3630 Rufino,
1212 3579 1326 3634 quamvr

170 3632 372 3703 interpretanti
394 3634 440 3702 „in
462 3634 584 3701 ignem“,
605 3635 774 3688 vocabulum
796 3633 905 3706 πυρσὸς
923 3649 991 3702 prae
1012 3631 1103 3686 oculis
1122 3647 1184 3684 esse
1226 3629 1340 3683 otuisse.

100 3765 106 3776 ι
170 3712 268 3771 Πρηστ
279 3700 315 3772 ’ρ,
335 3699 349 3754 ὁ
367 3707 412 3754 καὶ
428 3699 558 3768 πυρσὸς
569 3699 745 3772 καλούμενος,
760 3703 916 3755 secundum
930 3700 1018 3754 schol.
1031 3700 1067 3754 ad
1079 3697 1185 3751 Aesch.
1222 3696 1340 3752 rometh.

170 3771 256 3824 vinct.
297 3787 318 3820 s.
331 3769 382 3821 359
396 3775 440 3821 est
453 3769 527 3829 εἶδος
538 3773 680 3840 κεραυνοῦ.
698 3769 756 3821 Alii
769 3770 820 3822 viri
832 3788 844 3822 s
867 3769 956 3822 eciem
969 3767 1095 3832 induisse
1105 3766 1206 3820 Jovem
1217 3764 1340 3818 fabulati

172 3844 251 3903 sunt,
266 3836 316 3890 cfr.
331 3835 419 3888 schol.
432 3835 460 3888 iu
476 3835 596 3904 Gregor.
607 3835 676 3889 Nan.
686 3838 751 3904 pat
765 3843 793 3889 et
805 3855 831 3904 p.
885 3834 976 3890 Gaisf.
994 3835 1113 3890 Nonnus
1125 3833 1246 3902 denique
1257 3833 1341 3886 deum

172 3905 300 3958 Semeles
314 3909 470 3957 amatorem
485 3905 571 3957 modo
589 3903 760 3957 tantimodo
777 3905 931 3972 serpentis,
955 3910 1013 3956 tum
1031 3901 1111 3971 pardi
1129 3901 1174 3954 vel
1187 3899 1279 3954 leonis
1291 3905 1341 3951 aut

244 4111 267 4171 *)
287 4113 364 4157 lmmo
382 4113 408 4158 in
424 4110 653 4170 Recognitionibus
672 4110 748 4155 etiam
766 4109 847 4164 magis
865 4108 972 4155 offendit
989 4107 1137 4153 transmissa
1152 4105 1232 4164 prolis
1246 4105 1340 4164 signifi·

173 4181 239 4226 catio
258 4185 310 4225 tam
325 4180 445 4224 hocloco
466 4193 540 4238 quam
553 4192 590 4236 ec,
608 4190 657 4235 quo
675 4190 757 4222 sermo
774 4182 812 4224 est
831 4177 862 4221 de
881 4175 996 4232 Nemesi,
1014 4174 1079 4232 quod
1098 4174 1206 4232 scriptor
1226 4173 1251 4218 in
1268 4173 1341 4218 initio

156 4248 289 4306 ‘ejusdem
302 4246 393 4304 capitis
411 4247 532 4304 declarat,
545 4244 683 4302 adulteria,
697 4258 726 4290 ex
740 4243 831 4302 quibus
843 4243 962 4302 anpiter
973 4241 1119 4301 progeniem
1133 4255 1181 4286 non
1193 4241 1342 4300 susceperit,

172 4325 320 4361 enumerare
334 4315 396 4359 satis
409 4315 514 4370 longum
527 4327 590 4358 esse.
