3162 4900
286 309 348 376 258
587 326 617 376 r.
630 323 830 373 wisantum
843 322 1030 371 nnrorsrr.
1044 321 1149 371 σασα

288 473 460 528 Christum“.
478 503 511 512 —
530 469 565 524 V.
577 471 601 522 5.
620 469 768 523 Dresselio
786 469 940 524 lectionem
959 465 1119 524 πιστεύεται
1137 466 1254 520 lectioni
1273 475 1462 522 πεπίστευται
1566 449 1567 478 r

287 539 501 612 praeferendam
520 555 583 592 esse
600 536 744 607 judicanti
763 543 795 589 ut
812 537 984 622 adstipuler‚
1005 541 1117 589 tantum
1135 534 1233 598 abest,
1253 539 1285 587 ut
1303 535 1390 588 etiam
1404 553 1431 587 v.
1446 537 1463 586 8

307 608 444 662 erfectum
457 607 589 674 ἤκοσσιαι
607 621 657 674 pro
669 605 813 674 praesenti
833 604 961 660 άποιιεται
979 601 1172 672 reponendum
1191 617 1254 654 esse
1273 619 1414 655 censeam.
1427 635 1463 642 -

286 627 321 729 V.
339 675 372 728 16
390 674 559 728 Dunckerus
583 679 678 726 monet
719 689 750 725 ro
770 672 918 742 διαφόροις
937 669 1116 724 scribendum
1134 685 1210 722 esse:
1238 669 1463 740 ἀδιαφόροις,

289 759 454 812 comparans
471 739 655 810 Pseudoorig.
689 689 751 792 lies.
770 727 879 793 haeres.
892 741 917 804 7,
930 740 972 804 36,
985 757 1010 807 p.
1025 739 1085 802 258,
1102 736 1136 789 94
1153 737 1189 789 ed
1202 735 1318 790 Miner:
1337 735 1462 808 ἀδιαφο-

288 817 351 880 ρίαν
362 817 425 879 βίου
438 815 522 864 τεκαὶ
535 807 675 878 γνώσεως,
692 806 742 859 ubi
754 813 926 876 postremum
944 805 1114 859 vocabulum
1132 809 1292 872 corruptum
1309 819 1373 856 esse
1386 803 1462 858 arbi·

287 882 378 930 tratur
390 893 438 929 ex:
450 876 586 946 βρώσεως.
606 874 663 927 Cfr.
677 873 741 926 adn.
754 875 790 927 ad
803 893 829 943 p.
841 875 900 940 283,
915 875 995 926 12-
1008 873 1042 926 V.
1056 872 1088 924 18
1099 876 1165 941 post
1178 871 1463 942 συμμεταλαμβάνειν

288 941 485 996 intercidisse:
505 945 632 1012 δεομένη,
645 946 678 994 ut
689 940 823 1007 Davisio,
837 941 879 994 sic
891 940 978 994 etiem
990 939 1060 991 mihi
1073 939 1103 992 in
1115 943 1239 991 mentem
1251 938 1338 990 venit.

356 1010 385 1062 P.
399 1011 441 1074 56,
453 1009 470 1060 3
483 1014 614 1077 corrupta
625 1024 688 1061 esse
700 1009 801 1062 verbu:
821 1011 836 1063 ὀ
855 1007 903 1076 τὴν
920 1007 1007 1079 ἀρχὴν
1020 1005 1065 1060 διά
1078 1005 1110 1060 τὸ
1123 1005 1162 1077 μὴ
1176 1009 1274 1066 ἐξεῖναι
1288 1003 1463 1072 θεραπεύειν

289 1075 325 1137 ὡς
348 1075 462 1146 ἐθνικην
478 1082 614 1146 μείνασαν
637 1074 837 1143 ἐθεράπευσεν,
860 1075 890 1128 in
913 1079 1044 1160 promptu
1056 1078 1115 1139 est3
1139 1089 1196 1126 non
1215 1071 1297 1136 item,
1319 1071 1463 1140 quomodo

289 1143 468 1198 emendanda
485 1141 550 1194 sint.
587 1141 822 1195 Scribeudumne:
848 1144 892 1216 μὴ
911 1141 1038 1201 ανάσας
1055 1146 1109 1203 (so.
1130 1140 1162 1193 τὸ
1186 1136 1368 1208 θεραπεύειν)
1394 1156 1462 1207 pro:

288 1208 445 1283 μείνασανλ
462 1241 495 1248 -
515 1209 579 1262 V.5
596 1207 761 1278 recipienda
780 1215 840 1263 erat
860 1210 921 1263 cod.
939 1207 971 1261 Ο.
990 1208 1142 1277 scriptura:
1161 1205 1248 1274 Αάτη.
1260 1238 1294 1246 -
1312 1205 1347 1258 V.
1362 1207 1395 1260 10
1412 1223 1464 1275 pro

290 1283 393 1340 παῖδας
405 1277 611 1348 reponendum:
626 1278 760 1339 παιδία,
774 1277 832 1330 vel:
847 1276 1019 1348 παιδάρια.

357 1346 387 1399 Ρ.
403 1347 446 1411 57,
458 1347 474 1396 6
488 1343 666 1397 scribendum
679 1360 756 1397 esse:
772 1333 839 1406 Ὧν,
853 1361 917 1412 pro:
929 1344 988 1404 Ὡς,
1004 1344 1093 1412 primo
1107 1340 1209 1394 obtutu
1221 1339 1359 1394 intellexi.
1383 1338 1465 1392 Illud

290 1414 382 1484 ipsum
399 1411 544 1466 invenitur
560 1411 590 1464 in
607 1410 668 1464 cod.
682 1410 781 1464 orient.
795 1409 994 1464 Tischendorf.
1011 1415 1040 1462 et
1057 1409 1087 1462 in
1100 1407 1180 1462 codd.
1193 1407 1270 1476 Epit.
1283 1408 1331 1460 Dr.
1345 1439 1379 1446 —
1398 1407 1434 1460 V.
1448 1409 1465 1457 8

291 1481 371 1536 codd.
391 1480 586 1550 Epitomarum
604 1495 654 1547 pro
671 1484 733 1532 τίνα
752 1498 781 1532 τε
798 1478 947 1547 praebent:
967 1487 1014 1532 καί
1030 1483 1098 1532 τίνα.
1134 1474 1211 1528 Ante
1229 1475 1301 1529 hacc
1320 1474 1466 1538 vocabula

291 1547 398 1603 excidit
416 1548 532 1601 verbum
550 1545 666 1614 aliquod
684 1543 796 1597 finitum
814 1545 851 1599 ad
873 1551 1040 1615 antegressa
1061 1541 1213 1612 pertinens.
1249 1541 1359 1595 Forsan
1381 1541 1466 1594 locus

292 1616 333 1669 ita
350 1613 558 1670 restituendus:
580 1621 655 1672 τίνος
674 1632 701 1665 τε
715 1611 754 1666 ὥν
765 1618 810 1666 καὶ
823 1619 865 1673 τίς
878 1612 970 1666 πόθεν
982 1611 1064 1680 ἥκει,
1085 1616 1147 1664 τίνα
1160 1632 1187 1664 τε
1201 1613 1278 1664 ἐστὶν
1291 1615 1357 1662 cett.
1394 1609 1464 1661 Pro-

289 1683 374 1736 batur
385 1681 456 1734 haec
470 1680 648 1743 con'octura,
667 1684 700 1731 ut
713 1696 787 1731 nnnc
800 1679 892 1748 ipsum
904 1679 1001 1744 video,
1020 1677 1106 1730 simili
1123 1676 1185 1730 loco
1198 1675 1247 1746 qui
1259 1681 1304 1729 est
1317 1676 1346 1728 in
1359 1675 1465 1728 utrius-

291 1765 345 1838 que
357 1747 433 1818 Epic.
447 1746 477 1800 C.
485 1746 524 1798 Xl
558 1788 562 1797 .
582 1745 693 1828 Quippe
703 1745 732 1797 in
741 1745 817 1815 Epit.
828 1747 919 1816 priore
930 1746 1066 1816 scriptum
1076 1743 1194 1814 legitur:
1208 1775 1242 1784 -—
1252 1741 1466 1812 ἀναβάλλοντες

284 1835 374 1885 -ησαν,
389 1823 430 1876 τίς
442 1820 473 1868 τί
481 1820 536 1884 ripe
551 1819 596 1867 καὶ
609 1823 702 1868 ποθεν
715 1812 784 1880 ἥκω,
804 1814 833 1865 in
845 1813 948 1866 altera:
969 1821 1010 1875 ιίς
1023 1835 1051 1868 ιε
1065 1811 1160 1866 ὤνκαὶ
1172 1810 1264 1866 πόθεν
1277 1810 1346 1879 ἥκω,
1365 1809 1409 1862 itu
1421 1815 1464 1864 ta-

291 1899 368 1948 men,
388 1887 419 1935 ut
432 1881 493 1934 eod.
506 1878 538 1932 Ο.
551 1879 721 1950 particulam
738 1887 783 1934 καὶ
800 1881 922 1934 omittat.
954 1879 994 1932 At
1011 1880 1107 1950 potius
1126 1877 1307 1932 scribendum
1321 1883 1397 1930 erat:
1418 1883 1465 1932 καὶ

293 1960 387 2011 τίνος
400 1948 492 2002 πόθεν
503 1947 567 2016 ἥκω.
577 1978 611 1986 ——
623 1947 658 2000 V.
672 1947 704 1999 13
715 1963 840 2016 propono
851 1948 1045 2001 scribendum:
1058 1953 1103 2001 καὶ
1114 1969 1130 2001 κ
1159 1952 1189 2001 εί
1194 1962 1284 2000 σσων
1295 1947 1384 2000 αὐτοῦ
1394 1951 1465 1998 cett.

292 2017 366 2070 Mira
379 2021 444 2068 suut
457 2031 529 2083 quae
540 2014 619 2068 edita
631 2014 766 2084 legrnrtur
777 2015 842 2067 inE
864 2017 894 2067 it.
908 2014 1009 2084 prioris
1025 2013 1056 2066 C.
1068 2014 1126 2066 XX
1155 2053 1161 2065 .
1177 2045 1211 2051 —
1232 2013 1265 2066 V.
1279 2014 1312 2065 15
1324 2029 1366 2080 sq.
1379 2012 1464 2065 codd

291 2083 368 2153 Epit.
386 2082 436 2135 Dr.
453 2081 574 2135 habent:
597 2098 725 2154 προσηγο
745 2089 783 2152 tp,
796 2089 828 2135 ut
841 2032 871 2136 g.
886 2088 914 2134 et
928 2082 1009 2136 codd.
1023 2082 1098 2152 Epit.
1115 2101 1169 2152 pn,
1185 2096 1257 2149 quae
1270 2079 1360 2132 forma
1401 2095 1465 2132 rue·

291 2150 409 2204 ferenda
418 2149 538 2202 videtur.
558 2148 592 2201 In
603 2103 788 2218 sequentiirus
797 2150 874 2220 Epit.
886 2150 1004 2204 alterius
1016 2150 1110 2202 verbis
1124 2165 1208 2218 supra
1219 2166 1246 2216 p.
1260 2147 1318 2212 140,
1333 2145 1364 2199 C.
1408 2146 1466 2200 XV

292 2216 378 2272 editis
394 2234 445 2286 pro
465 2219 512 2284 ζῆν
530 2215 711 2270 scribendum
724 2218 791 2272 erit:
812 2223 885 2282 ζῶν,
904 2223 1016 2297 etpost
1037 2221 1150 2288 φθοράς
1167 2215 1361 2268 inserendum:
1381 2213 1464 2276 ὥστε,

292 2284 368 2354 quod
378 2284 497 2354 praebet
509 2284 585 2354 Epit.
592 2284 681 2404 (prior.
713 2285 819 2340 Versus
832 2284 916 2338 finem
929 2283 1056 2353 ejusdem
1070 2301 1129 2354 cap.
1144 2284 1174 2337 in
1189 2288 1308 2351 utraque
1321 2281 1399 2350 Epit.
1412 2299 1465 2350 pro

294 2352 451 2424 προσλήψει
464 2369 590 2421 reponen
611 2370 658 2405 um
671 2358 743 2407 erat:
767 2352 918 2426 προλήψει.

361 2421 392 2474 P.
405 2421 447 2486 58,
460 2421 478 2473 4
490 2424 621 2498 corrupta
634 2436 696 2473 esse
710 2419 812 2474 verba:
829 2427 910 2492 μέχρι
925 2418 1012 2472 αὐτοῦ
1029 2421 1080 2471 τοῦ
1100 2421 1171 2475 Θεοῦ
1187 2417 1316 2536 durgis&
1328 2432 1383 2486 ego
1401 2431 1465 2484 per—

293 2506 406 2543 suasum
417 2487 518 2542 habeo.
554 2485 741 2540 scribendum
757 2487 881 2540 videtur:
930 2485 976 2540 ,ά
997 2486 1055 2540 ιὸν
1076 2485 1201 2542 Θεὸνιλ.
1267 2489 1336 2537 rctro
1354 2484 1403 2537 άσε
1424 2492 1467 2538 εῖν

294 2577 357 2612 τινα
374 2561 444 2608 nota
459 2559 512 2607 est.
548 2559 614 2624 Μέχ
633 2578 644 2608 ι
661 2553 748 2608 αὐτοῦ
767 2509 926 2624 siguificaii
944 2568 1053 2620 „usque
1072 2568 1119 2616 eo,
1138 2551 1168 2605 in
1186 2555 1324 2605 tantum“.
1344 2582 1379 2590 -
1430 2551 1467 2602 .8

295 2623 376 2676 codd.
394 2621 471 2691 Epit.
491 2620 541 2673 Dr.
557 2627 587 2674 et
604 2575 717 2690 piurimi
733 2621 809 2690 Epit.
827 2619 928 2690 prioris
945 2619 1059 2672 codices
1077 2617 1198 2673 habent:
1227 2617 1267 2674 Τὸ
1292 2619 1323 2672 δὲ
1346 2635 1465 2688 παρεισ-

295 2695 387 2745 ελθεῖν
406 2689 492 2744 αὐτὸν
504 2694 543 2749 είς
555 2687 606 2743 τὸν
623 2691 671 2755 τῆς
689 2694 887 2756 θεοσεβείας
903 2687 995 2756 λόγον.
1026 2685 1198 2754 Scripturam
1209 2691 1375 2763 θεοσεβείας,
1390 2700 1466 2752 quae

292 2757 431 2826 reperitur
447 2755 533 2810 etiam
551 2755 580 2808 in
593 2756 653 2810 eod.
668 2754 708 2821 d,
720 2773 814 2810 veram
827 2772 903 2818 esse,
917 2754 1093 2806 demonstrat
1105 2759 1164 2807 tam
1175 2772 1201 2808 v.
1214 2755 1239 2818 5,
1252 2753 1300 2805 ubr
1315 2749 1414 2806 Simon
1428 2754 1463 2819 τη
1527 2807 1528 2811 ,

295 2829 440 2894 θεοσεβείᾳ
452 2829 619 2894 κεχρημένος
632 2823 750 2889 dicitur,
764 2840 847 2892 quam
858 2840 926 2875 usus
938 2821 1018 2875 verbi
1031 2827 1235 2890 παρεισελθεῖν.
1269 2819 1333 2874 Νοα
1347 2812 1467 2871 obstarit

294 2890 365 2956 loci,
379 2890 506 2959 quisunt
539 2930 544 2940 .
557 2889 600 2952 60,
614 2892 646 2942 16
659 2908 698 2958 sq.
713 2897 741 2943 et
753 2909 779 2959 p.
793 2891 835 2956 62,
850 2892 889 2943 10.
913 2888 1008 2942 Aliter
1016 2889 1178 2959 judicatum
1191 2887 1276 2941 estin
1288 2888 1386 2940 adnot.
1398 2887 1415 2938 2
1427 2885 1468 2938 ad

294 2958 370 3027 Epit.
382 2957 483 3026 prioris
523 2998 526 3006 .
541 2955 649 3010 XXVI.
665 2989 699 2996 -
720 2958 753 3012 V.
766 2957 799 3010 16
813 2957 941 3026 speciose
954 2956 1124 3010 Dunckerus
1137 2960 1247 3020 monet,
1260 2971 1310 3024 pro
1323 2957 1371 3020 τῆς
1383 2953 1467 3020 σελή-

294 3013 462 3144 rerer
482 3023 1467 3145 retenturusalic'illlerestrueretur

293 3162 425 3278 penterqt,
439 3157 575 3278 scriptpm
586 3155 689 3210 fuisse:
709 3159 746 3213 τά
758 3163 806 3228 τῆς
819 3111 944 3228 άλλήνης,
962 3177 1035 3228 quae
1049 3159 1137 3212 dictio
1150 3158 1226 3210 idem
1238 3154 1403 3227 significare
1416 3173 1467 3226 po-

309 3243 340 3279 es
365 3243 382 3278 a
415 3241 451 3278 ue
493 3243 523 3278 σε
561 3244 601 3278 ν.

362 3242 679 3362 P.i;1‚iaeqie⁷¹atque
698 3292 728 3345 in
747 3291 777 3347 C.
790 3292 905 3346 XXVII
921 3292 998 3361 Epit.
1015 3293 1132 3346 alterius
1150 3291 1317 3345 Dresselius
1335 3289 1466 3368 recipere

295 3360 419 3414 debebat
437 3359 616 3428 scripturam:
636 3359 710 3414 πολὺ
745 3368 830 3424 ανείς,
844 3360 930 3414 etiam
943 3377 960 3412 a
978 3360 1146 3428 quibusdam
1163 3359 1239 3428 Epit.
1257 3377 1297 3427 pr.
1318 3356 1468 3410 codicibus

294 3429 433 3491 oblatam,
446 3427 503 3479 vid.
517 3427 612 3480 adnot.
626 3427 642 3479 5
655 3427 692 3480 ad
704 3383 742 3480 liu
750 3427 779 3480 it.
792 3447 830 3496 pr.
845 3425 875 3479 C.
888 3425 1010 3480 XXVII.
1024 3459 1057 3465 -
1077 3427 1111 3481 V.
1124 3429 1140 3479 3
1154 3443 1213 3495 sqq.
1227 3425 1308 3479 codd.
1322 3424 1400 3492 Epir.
1415 3423 1467 3476 Dr.

294 3495 402 3549 habent
418 3495 507 3560 idem,
527 3498 602 3563 quod
620 3494 702 3548 codd.
745 3535 750 3544 .
770 3501 798 3546 et
813 3492 854 3546 O:
875 3495 911 3554 ὡς
927 3493 1011 3554 αὐτὸς
1023 3497 1064 3548 ἔτι
1076 3495 1112 3554 ὡς
1124 3499 1206 3564 φίλος
1218 3499 1311 3565 φίλοις
1323 3495 1467 3561 ἐξέφανεν.

294 3563 373 3626 Quae
381 3562 559 3630 verbaquum
568 3567 699 3630 corrupta
708 3578 770 3615 esse
783 3561 875 3614 intelli
901 3566 960 3614 eret
973 3560 1182 3632 Schweglerus‚
1195 3559 1234 3615 ὧν
1246 3565 1326 3632 φίλος
1339 3559 1468 3612 scriben-

295 3630 361 3702 dum
374 3645 436 3681 esse
450 3629 586 3682 censebat
598 3646 632 3682 ex
645 3630 721 3698 Epit.
734 3647 773 3698 pr.
787 3627 888 3681 CXX
917 3630 959 3681 lI:
980 3627 1016 3689 ὡς
1033 3629 1115 3689 αὐτὸς
1131 3630 1171 3682 ἔτι
1190 3634 1284 3700 φίλοις
1301 3624 1385 3682 οὖσιν
1399 3627 1469 3701 ὑμῖν

295 3703 340 3750 οἱα
350 3701 432 3764 φίλος
443 3698 581 3764 ἐξέφανεν.
618 3696 675 3750 Sed
687 3696 800 3750 omnino
813 3713 869 3748 non
882 3697 987 3764 liquet,
1005 3695 1144 3764 quomodo
1157 3695 1209 3748 illa
1221 3696 1389 3762 conjectura
1402 3694 1468 3762 capi

293 3762 386 3830 possit
399 3778 433 3814 ex
445 3760 490 3812 his
503 3762 605 3814 verbis.
640 3763 740 3816 Potius
755 3763 825 3816 duce
837 3763 914 3832 Epit.
927 3781 965 3832 pr
978 3763 1169 3832 reponendum
1183 3761 1250 3816 erit:
1270 3762 1307 3822 ὡς
1324 3761 1409 3822 αὐτὸς
1426 3763 1466 3814 ἔτι

294 3833 392 3900 φίλοι
403 3850 415 3888 ς
428 3825 528 3883 οὖσιν
540 3828 577 3888 ὠς
588 3835 670 3899 φίλος
683 3834 822 3902 ἐξέφηνεν.
839 3862 873 3869 -
890 3829 924 3884 V.
938 3831 954 3882 6
966 3829 996 3882 in
1014 3830 1075 3883 cod.
1088 3827 1120 3882 0.
1132 3829 1208 3898 Epit.
1222 3829 1271 3880 Dr.
1284 3828 1426 3896 reperitur
1437 3831 1469 3882 ἐν

293 3901 360 3949 ante
374 3894 510 4014 ἐνδοιέρρ
524 3902 598 4014 cing,
614 3912 697 3974 quem
710 3913 764 3967 ego
775 3897 928 3966 genuinam
940 3913 1003 3950 esse
1014 3898 1181 3966 scripturam
1190 3891 1318 3949 arbitror.
1343 3894 1470 3948 Videtur
1566 3929 1567 3942 ι

293 3970 388 4018 autem
402 3979 487 4016 secun
509 3979 567 4014 um.
593 3963 642 4031 pit.
674 3980 775 4016 norem
788 3964 967 4018 scribendum
984 3980 1061 4016 esse:
1082 3967 1199 4020 ἔν-τινι
1213 3966 1269 4018 iud.
1283 3969 1335 4016 οἴκ.
1349 3961 1469 4016 -Sub-

293 4031 359 4084 inde
379 4031 409 4084 in
425 4036 544 4098 utraque
560 4029 636 4098 Epit.
650 3981 753 4084 desunt
769 4030 863 4097 verba,
878 4047 950 4100 quae
963 4031 1097 4100 leguntur
1109 4033 1160 4084 ul
1174 4047 1233 4108 sqq.
1244 4029 1311 4082 inde
1322 4029 1469 4101 οφάσιιιον

293 4114 382 4166 usque
399 4097 436 4150 ad
453 4097 499 4152 διὸ
517 4098 652 4166 ἀσεβείας,
668 4115 695 4166 p.
707 4098 749 4162 62,
763 4098 786 4151 3.
821 4099 844 4150 Ε
863 4097 966 4166 quibus
983 4098 1077 4150 verbis
1095 4097 1257 4150 hominrbus
1271 4097 1367 4149 doctis
1379 4097 1468 4148 mole—

295 4163 365 4216 stias
379 4168 546 4216 creaverunt
559 4180 605 4228 ea,
619 4170 766 4231 quaesunt
779 4183 803 4216 v.
814 4165 830 4216 9
840 4181 909 4234 sqq„
921 4182 1011 4234 nuper
1020 4165 1106 4218 ctiam
1116 4163 1321 4218 ab'Uhlhoruio
1331 4168 1468 4227 tractata,

294 4227 311 4278 l.
327 4245 361 4292 α,
374 4247 401 4296 p.
414 4230 472 4294 282,
486 4231 551 4284 adn.
568 4232 592 4296 1,
606 4229 663 4298 qui,
678 4230 770 4283 sinon
783 4247 831 4296 ea,
867 4248 920 4286 uae
937 4249 1005 4285 vera
1022 4237 1100 4299 sunt,
1119 4237 1259 4286 attamen
1272 4229 1380 4282 similia
1391 4229 1468 4282 veris

294 4293 407 4345 videtur
413 4295 565 4362 invenisse,
577 4249 894 4365 quamquamnonvidit
906 4316 956 4369 pro
965 4298 1252 4367 πῆξανιοροαεαδιιια
1260 4313 1337 4350 esse:
1353 4296 1467 4364 πήξας.
