3162 4900
379 329 424 378 nu
437 329 635 380 ousuuu‘us
648 329 728 380 sou.
742 329 836 386 Qum
849 331 1117 384 euuuoumms.
1274 315 1337 384 275

232 475 264 532 P.
279 476 336 540 168,
349 479 366 530 5
378 483 427 530 aut
441 477 621 530 scribendum
642 483 716 530 erat:
735 477 798 539 ἐξὸν
819 476 873 556 δὴ,
895 483 945 530 aut
965 479 1124 533 omittenda
1144 481 1287 550 particula
1307 486 1338 539 et

164 545 323 599 secundum
338 545 399 597 cod.
418 541 452 597 Ο.
472 575 506 582 -
522 542 557 598 V.
575 547 591 599 7
610 543 778 613 scripturam
797 543 905 598 codicis
919 543 958 598 0:
977 545 1073 610 αὐτὸς,
1095 563 1169 617 quae
1189 547 1252 616 ipsa
1269 550 1338 603 ferri

162 613 277 734 τὸεοιιίλ,
300 611 404 691 υ11οιιίι
424 613 503 664 dicct
524 612 822 732 farreirecconjegturae
839 611 1051 731 isih'ffsslem
1064 614 1243 696 propositae:
1261 615 1339 698 αιἰτᾲ,

163 682 1337 826 ittttttttatttttttta.3332..Putate.tattttttttt’ttttb

163 820 247 868 erant
260 831 345 867 voces
360 817 453 888 οἱμὲν
466 831 499 866 ex
513 829 691 883 praegressis
706 815 825 884 syllabis
839 813 1064 886 ἀποφαινόμενοι
1074 818 1139 887 μὲν
1151 826 1241 872 ortae.

231 881 263 934 P.
278 882 335 947 189,
349 881 381 934 16
393 899 448 934 non
462 887 539 934 esset
551 882 700 936 ferendum
717 883 887 936 vocabulum
904 881 1002 956 μόραι,
1023 883 1047 936 si
1065 883 1136 936 nibil
1152 883 1231 938 aliud
1250 901 1335 956 quam

162 948 335 1016 „interitus“
357 947 518 1030 significare
532 955 642 1018 posset,
655 956 687 1003 ut
719 957 855 1003 raeeunte
868 948 1012 1004 cotelerio
1031 951 1264 1006 existimaverunt
1276 953 1334 1007 edi·

161 1022 254 1137 14ῧὶθὶ
272 1015 313 1068 At
325 1015 469 1086 significat
481 1017 665 1081 „cadaver·a“.
715 1017 746 1070 fr.
759 1015 868 1071 Jacobs
879 1019 974 1072 adnot.
987 1019 1023 1071 ad
1034 1017 1153 1073 Antbol.
1164 1017 1256 1074 Palat.
1268 1019 1334 1088 VII,

216 1124 262 1204 ²1³.
276 1151 334 1216 171,
346 1152 363 1204 3
375 1150 587 1206 Valckenaerio
603 1157 738 1220 corrupta
750 1150 813 1205 visa
826 1158 892 1205 sunt
908 1153 1011 1208 verba:
1030 1150 1064 1208 ὃν
1081 1158 1182 1208 πολλοὶ
1199 1161 1255 1211 Δία
1266 1155 1334 1210 ἀνα-

160 1217 320 1290 γράψαντες
341 1221 371 1273 ἐν
391 1225 488 1274 πίνακι
504 1221 627 1291 δημοσίᾳ
648 1217 838 1275 ἀνατιθέασιν.
875 1219 1018 1290 Conjiciat
1034 1221 1151 1291 aliquis,
1169 1221 1335 1308 lectionem:

160 1324 219 1375 Δία
230 1317 455 1390 ἀναγράψαντες,
475 1325 567 1374 ortam
580 1335 644 1374 esse
663 1337 752 1385 exeo,
766 1319 843 1391 quod
856 1321 993 1390 scriptum
1006 1325 1081 1374 erat:
1106 1317 1139 1376 όν
1160 1325 1261 1376 πολλοὶ
1270 1307 1333 1410 gfff

159 1418 501 1548 :triturabit
509 1420 594 1542 1111
612 1421 1161 1558 taratara::tauta
1174 1423 1206 1540 t
1229 1436 1334 1543 aa:

160 1571 196 1608 an
210 1561 266 1610 Δία
277 1553 487 1626 ἀναγράψαντες
498 1555 566 1608 ferri
583 1556 675 1624 possit
691 1555 732 1609 sic
745 1561 910 1633 acceptum:
929 1554 1028 1619 „Jovis
1041 1554 1154 1608 nomine
1167 1555 1332 1625 inscripto“.

160 1621 228 1675 Non
241 1623 359 1675 multum
372 1623 554 1676 tribuendum
566 1639 670 1677 censeo
684 1623 718 1684 ei,
732 1621 809 1692 quod
820 1639 850 1674 m
860 1621 964 1688 verbis,
978 1621 1082 1694 quibus
1094 1621 1145 1675 illa
1154 1621 1334 1692 excipiuntur

159 1689 189 1742 in
209 1689 353 1756 Homiiiis,
372 1689 408 1743 de
427 1689 611 1758 inscriptione
630 1705 721 1743 sermo
739 1707 796 1742 non
816 1695 868 1744 est.
905 1687 1012 1743 Contra
1029 1689 1228 1760 dignissimum
1243 1691 1331 1745 adno-

159 1763 232 1819 tatu,
247 1757 324 1826 quod
337 1757 365 1808 in
378 1757 528 1826 Recogrrit.
546 1758 583 1826 X,
595 1757 629 1811 36
641 1756 713 1811 haec
730 1756 839 1826 scripta
856 1757 1050 1811 inveniuntur:
1069 1755 1220 1830 „Denique
1233 1775 1331 1829 regem

158 1823 299 1893 temporis
313 1823 356 1877 sui
369 1825 527 1894 depingant
538 1825 567 1878 in
580 1825 662 1878 bovis
674 1825 781 1904 forma,
791 1824 837 1878 vel
851 1825 972 1890 anseris,
985 1825 1032 1878 vel
1045 1824 1196 1890 formicae,
1215 1825 1260 1878 vel
1272 1827 1332 1879 vul·

159 1893 247 1959 turis,
265 1901 294 1945 et
310 1892 471 1946 scribant
487 1909 594 1962 super
611 1893 708 1962 regis
728 1909 782 1946 sur
800 1907 934 1960 nomen,
953 1899 1041 1964 atque
1062 1891 1263 1948 huiuscemodi
1286 1893 1333 1947 vel

159 1964 286 2012 statuam
299 1961 344 2014 vel
357 1961 414 2030 ima
436 1961 511 2014 inem
525 1961 685 2014 collocent“
699 1966 765 2016 cett.
777 1990 810 1998 —
823 1955 857 2014 V.
869 1959 902 2012 16
914 1975 966 2030 pro
979 1965 1035 2016 εἴτε
1045 1961 1240 2015 scribendum:
1254 1967 1333 2032 atys.

159 2027 317 2106 Praeterea
330 1977 484 2107 legeufium
496 2028 622 2081 videtur:
641 2027 720 2084 τότε
736 2026 788 2098 γὰρ
803 2035 927 2106 σιοιχεζα
945 2027 983 2082 τὰ
1003 2034 1129 2095 τέσσερα,
1148 2028 1226 2100 quod
1238 2027 1333 2097 ipsum

159 2097 258 2148 inesse
280 2095 393 2147 videtur
408 2111 437 2148 m
460 2097 522 2148 cod.
545 2092 583 2162 0,
605 2097 763 2149 secundum
782 2094 959 2149 Dresselrum
979 2095 1162 2166 porrigente:
1184 2095 1218 2150 τά
1235 2115 1264 2150 τε
1280 2093 1333 2172 γὰρ

159 2181 222 2217 aroc
245 2170 286 2216 εἴα
299 2161 332 2216 τὰ
345 2164 373 2216 ‹i‘
387 2162 425 2234 (h.
440 2179 463 2216 e.
478 2161 519 2233 δ’)
534 2169 597 2216 cett.

256 2271 261 2282 .
275 2230 332 2294 172,
345 2232 359 2281 1
373 2231 446 2283 corri
471 2231 588 2283 endum:
608 2235 637 2285 εὶ
652 2233 688 2286 δὲ
706 2229 748 2285 ἀεὶ
761 2235 829 2286 cett.
840 2259 874 2268 —
887 2229 921 2285 V.
933 2229 950 2282 8
963 2229 1073 2284 mireris
1087 2246 1143 2284 non
1156 2235 1303 2312 receptam
1315 2246 1334 2285 a

158 2297 307 2351 Dresselio
322 2297 429 2416 cfdgcis
443 2367 474 2418 H
488 2298 656 2367 scripturam
673 2299 755 2360 νοῦν,
777 2313 852 2367 quae
869 2298 953 2350 unice
970 2313 1038 2350 vera
1054 2303 1112 2365 est,
1133 2295 1185 2350 cfr.
1203 2298 1332 2367 ejusdem

181 2381 199 2418 a
222 2367 285 2418 inae
297 2382 322 2417 v.
401 2371 431 2418 et
477 2405 482 2416 .

158 2383 179 2434 p
201 2381 261 2487 gP.
281 2405 372 2498 173‚’3
393 2439 519 2502 spretam
539 2447 557 2486 a
576 2429 725 2486 Dresselio
746 2428 852 2484 nollem
872 2428 993 2483 formam
1007 2430 1106 2486 Ἀννου
1125 2435 1218 2495 ίυνος,
1242 2447 1327 2501 quam

158 2500 284 2571 praebet
296 2499 358 2552 cod.
372 2497 405 2553 Ο.
424 2498 557 2554 Ceterum
569 2499 625 2554 sibi
636 2515 693 2551 non
707 2497 836 2552 constitit
847 2495 1013 2551 Dresselius
1036 2497 1088 2550 sed
1099 2439 1221 2551 iirrmam
1233 2498 1329 2553 Ἀνου-

157 2573 229 2637 βίον
240 2585 298 2622 nou
315 2569 425 2637 recepit
438 2567 493 2620 nisi
509 2586 536 2637 p.
550 2567 607 2634 154,
620 2566 637 2618 9
655 2572 684 2619 et
697 2565 741 2634 14,
759 2572 789 2619 et
801 2583 827 2634 p.
841 2563 900 2633 179,
917 2566 962 2633 11,
979 2533 1097 2635 reiiquis
1115 2563 1186 2617 locis
1199 2564 1329 2634 plurimis

157 2650 279 2690 numero
291 2635 410 2688 alteram
423 2633 510 2688 illam.
545 2633 645 2688 Utram
658 2634 721 2688 cod.
735 2631 759 2687 Ο
772 2633 925 2702 praeberet
949 2639 1064 2701 praeter
1076 2632 1153 2685 bunc
1165 2632 1260 2685 locum
1273 2647 1331 2686 non

159 2701 319 2757 adnotavit.
353 2702 424 2756 Erat
439 2709 534 2756 autem
554 2701 685 2755 omnibus
703 2700 774 2754 locis
787 2671 954 2769 reponenda
973 2701 1065 2753 forma
1078 2700 1259 2770 Ἀννουρίιονς
1281 2699 1332 2755 cfr.

158 2770 206 2825 Κο
229 2771 267 2839 pii
280 2769 431 2840 Palaeogr.
446 2769 507 2824 crit.
519 2769 551 2822 P.
563 2769 615 2835 ΙΠ,
628 2785 655 2838 p.
668 2768 726 2820 584.
742 2797 777 2807 —
793 2768 828 2822 V.
842 2768 875 2820 10
895 2766 994 2821 dubito
1007 2784 1074 2819 num
1084 2767 1151 2836 jure
1163 2774 1281 2835 recepta
1293 2767 1332 2820 sit

160 2855 195 2893 co
219 2837 271 2890 icis
284 2834 463 2958 Οᾶιοόἱριιιτο
474 2835 604 2893 αὐτόθεν.
622 2868 654 2876 -
671 2835 766 2890 Etiam
778 2853 803 2889 v.
817 2836 849 2890 10
862 2841 891 2890 et
903 2835 936 2888 12
947 2834 1168 2904 praeferendum
1181 2841 1243 2888 erat
1255 2834 1333 2904 quod

161 2907 250 2960 estin
264 2919 299 2957 co
322 2946 328 2958 .
367 2946 372 2957 .

228 2973 260 3025 P.
274 2973 332 3040 174,
346 2972 377 3025 17
391 2989 441 3026 cur
452 2988 508 3024 non
521 2978 640 3040 recepta
652 2976 697 3025 est
707 2971 795 3025 lectio
807 2970 957 3041 utriusque
969 2967 1118 3038 Epitomes
1132 2966 1291 3024 εἱστίασεν7
1304 2981 1309 2992 ·

230 3040 263 3094 P.
277 3040 335 3106 170,
347 3041 364 3092 5
376 3039 484 3093 codicis
498 3038 521 3093 Ο
536 3040 685 3107 scriptura,
699 3055 773 3109 quae
785 3038 847 3092 fere
859 3039 945 3092 etiam
957 3038 987 3090 iu
1000 3037 1062 3090 cod.
1076 3033 1098 3089 O
1111 3037 1260 3106 reperitur,
1273 3053 1331 3092 non

158 3108 349 3178 postferenda
360 3113 422 3160 erat
434 3107 618 3176 conjecturae
630 3106 820 3173 Davisianae3
833 3105 883 3158 cfr.
898 3123 921 3158 r.
933 3106 965 3159 3:
978 3125 993 3159 τ
1006 3107 1018 3119 ”
1029 3102 1144 3175 ἄρχοντι
1155 3102 1273 3160 αὐτῶν.

229 3175 260 3228 Ρ.
276 3173 332 3241 176,
346 3171 378 3227 13
390 3191 432 3244 sq.
445 3173 626 3228 scribendum
640 3175 777 3242 conjicio:
798 3175 857 3226 ἐπί
876 3193 910 3228 τε
923 3125 1016 3239 (codis
1032 3173 1137 3237 ἔπειτα)
1151 3179 1211 3232 τοῖς
1222 3176 1334 3231 λοιποῖς

159 3243 247 3298 αὐτοῦ
264 3241 407 3314 θαύμασιν
425 3246 567 3298 ἔλλυποι
588 3241 695 3296 (cedda
714 3245 743 3293 οἱ
760 3239 867 3309 λοιποὶ)
884 3239 987 3300 πάντες
999 3241 1029 3294 ἐν
1039 3244 1140 3310 μέσαις
1150 3247 1209 3298 ταῖς
1219 3237 1333 3309 ἀγοραῖς

162 3312 306 3382 πανδημεὶ
319 3313 369 3364 ort
378 3311 491 3364 σποδοῦ
504 3313 548 3363 καὶ
562 3307 665 3364 σάκκου
677 3309 850 3369 ἐκαθέζοντο.

232 3377 262 3429 P.
277 3378 333 3442 180,
345 3378 363 3428 4
373 3376 528 3430 tentaverit
540 3375 657 3445 aliquis:
669 3373 766 3429 κελεόσ
788 3394 855 3434 ατος
866 3376 917 3426 τοῦ
929 3389 1012 3426 συντ
1021 3370 1079 3426 όνο
1088 3391 1111 3424 υ.
1146 3371 1186 3422 At
1203 3386 1290 3438 quum
1303 3371 1333 3422 in

162 3445 224 3498 cod.
237 3445 308 3514 Reg.
321 3445 372 3496 804
385 3451 413 3497 et
424 3443 454 3496 in
466 3443 542 3512 Epit.
556 3443 636 3496 alter.
649 3441 679 3496 0.
691 3441 759 3496 LVI
776 3441 788 3492 I
802 3457 854 3509 pro
873 3443 925 3495 τοῦ
942 3438 1087 3524 συντόμου
1104 3437 1240 3505 scriptum
1253 3454 1333 3505 repe·

160 3513 265 3565 riatur:
296 3511 381 3567 συντό
406 3533 453 3574 ως,
483 3509 615 3582 equidem
642 3526 698 3563 non
721 3507 821 3562 dubito
843 3523 995 3577 reponere:
1018 3504 1084 3560 απὸ
1109 3506 1159 3557 τοῦ
1180 3502 1330 3576 συντόμου,

180 3597 236 3633 uae
257 3579 345 3632 dictio
362 3579 371 3631 i
395 3597 438 3632 em
456 3577 534 3632 valet
554 3583 641 3648 atque
658 3575 812 3650 συντόμως.
848 3573 987 3643 Accedit,
1008 3573 1087 3644 quod
1102 3571 1132 3624 in
1153 3570 1229 3641 Epir.
1245 3585 1287 3640 pr.
1302 3569 1332 3624 0.

161 3597 260 3702 ivm
276 3649 412 3716 scrIptum
426 3645 579 3715 reperitur:
599 3644 702 3708 εὐθὺς
713 3647 886 3700 ἐπετίθεντο.

228 3714 260 3768 P.
274 3714 332 3780 181,
345 3715 360 3766 1
373 3719 422 3768 aut
435 3713 616 3766 scribendum
630 3717 706 3766 erat:
719 3711 766 3768 triv
776 3731 827 3782 γε,
845 3716 910 3776 aut,
927 3708 1005 3782 quod
1017 3711 1161 3778 praestat,
1175 3705 1334 3759 omittenda

160 3781 304 3852 particula
317 3801 354 3836 τι
371 3782 527 3835 secuudum
542 3781 604 3834 cod.
622 3777 655 3833 Ο.
676 3809 711 3819 -
730 3780 794 3834 V.3
814 3777 1011 3848 reponendum
1028 3782 1092 3830 aut:
1109 3773 1149 3830 ἂν
1166 3775 1334 3841 σωθῆναι,

160 3853 223 3903 aut:
243 3846 282 3904 ἂν
297 3848 486 3915 ἀνασωθῆναι.
501 3877 536 3886 -
553 3847 587 3901 V.
601 3848 616 3900 7
629 3863 686 3900 non
699 3845 869 3901 crediderim
888 3845 1047 3914 scripturae
1060 3849 1211 3902 συνεθίσας
1221 3839 1333 3918 praefe-

161 3917 282 3970 rendam
298 3931 362 3971 esse
380 3914 517 3969 Cotelerii
534 3916 744 3983 conjecturam:
766 3921 923 3977 συνετίσας,
946 3913 1075 3976 quamvis
1093 3911 1206 3962 videam
1224 3923 1286 3961 esse
1304 3923 1334 3958 m

161 3982 239 4053 Epir.
251 3999 293 4050 pr.
311 3981 342 4038 O.
355 3983 465 4037 LVIII:
483 3988 660 4067 καταρτίσας,
677 3986 765 4050 atque
782 3981 811 4033 in
829 3982 892 4034 cod.
906 3995 944 4034 or.
958 3975 1160 4056 Tischendorf.
1173 3981 1202 4027 et
1214 3975 1243 4026 iu
1256 3972 1331 4040 Epit.

162 4052 243 4104 alter.
261 4048 291 4104 C.
304 4049 415 4105 LVIII:
436 4059 623 4120 κατορθωσας.
658 4048 760 4101 Potest
776 4053 872 4101 autem
885 4061 977 4116 aeque
994 4046 1068 4098 bene
1085 4043 1153 4094 drcr:
1177 4044 1335 4123 συνεθίζειν

162 4116 225 4174 τινά
238 4139 302 4188 τινι,
316 4125 417 4188 atque:
432 4122 587 4186 συνεθίζειν
600 4121 629 4170 τί
639 4134 702 4170 τινι.
716 4143 749 4154 -
760 4113 795 4169 V.
810 4115 843 4169 10
855 4120 884 4167 et
897 4113 929 4166 16
942 4111 1140 4165 scribendum:
1158 4115 1201 4163 Βυ
1219 4112 1277 4171 λον,
1291 4113 1333 4160 et:

162 4185 282 4256 Βύβλου.
317 4187 352 4240 Id
369 4185 462 4255 ipsum
475 4183 637 4238 Dresselius
650 4181 742 4236 edidit
757 4181 787 4234 in
799 4181 874 4250 Epit.
890 4179 1042 4249 utriusque
1061 4175 1092 4230 O.
1104 4173 1186 4228 LVII
1216 4179 1246 4228 et
1257 4171 1335 4227 LIX.

230 4253 263 4306 P.
276 4253 335 4322 182,
347 4253 364 4304 5
381 4260 411 4306 et
429 4253 547 4323 reliquis
559 4252 645 4316 locis,
663 4248 766 4320 quibus
779 4251 815 4302 de
833 4245 933 4301 eodem
950 4243 1065 4298 homine
1078 4258 1171 4322 sermo
1184 4247 1241 4308 est,
1253 4257 1334 4310 prae-

163 4321 284 4376 ferenda
301 4325 365 4375 erat
385 4321 526 4389 scriptura
542 4317 679 4372 nominis:
705 4314 877 4389 Μαροώνης,
895 4329 981 4384 quum
998 4316 1179 4381 praesertim,
1191 4315 1224 4362 ut
1235 4325 1262 4378 p.
1275 4307 1334 4374 254,

1087 4397 1131 4438 ra*
