3126 4894
264 283 325 348 162
735 295 963 347 σεειιιιιιτιιιι

262 453 313 518 οιίκ
332 449 424 524 άλλως
446 449 651 515 ἀποδύσασθαι
671 447 848 522 δύνασθε,’
832 447 882 510 τάν
903 445 940 528 μὴ
960 415 1094 550 πρότερον
1116 439 1161 506 ε’πλ
1183 449 1283 517 καλαῖς
1302 443 1440 524 πράξεσιν

263 539 454 642 βαπτισθῆτε
477 531 523 598 καῖ
538 531 612 596 οὕτω
627 528 752 614 καθαριεῖ
767 529 882 610 σώματί
892 555 922 593 τε
937 525 984 592 καί
999 533 1075 611 ψυχῇ
1090 527 1229 610 γενόμενοι
1243 531 1293 610 τῆς
1307 531 1440 610 ἐσομένης

264 621 372 686 ἀῖδίου2
386 620 529 702 βασιλείας
545 615 728 682 ἀπολαύσετε
742 615 810 696 μίτε
825 612 872 678 σύν
888 612 1009 684 εἰδώλοις
1022 611 1175 687 πιστεύετε,
1195 638 1273 694 μιγτε·
1269 614 1441 716 ἰτραπέζης

188 727 195 740 ·
264 706 358 769 αὐτῶν
375 712 527 767 κοινωνεῖτε
544 701 661 782 μακρὰς,
679 699 717 781 μὴ
731 698 881 781 φονείετεβ
896 698 937 803 μὴ
951 696 1098 779 μυιχείκτε,
1112 723 1151 778 μη
1138 696 1287 777 ’μισεῖτε5
1302 695 1440 777 ἀλλήλους

262 788 331 870 μηδὲ
346 789 482 862 κλέπτετε,
497 783 564 867 μηδέ
578 795 679 856 κακαῖς
692 808 745 846 τισι
757 783 831 854 όλως
833 782 977 884 πράξεσιν
992 780 1188 864 ἀναβάλλεσθε.

347 871 444 930 LXV
492 873 594 932 Ταύτα
613 868 740 939 εἰπόντος
759 867 846 930 αὐτοῦ
864 863 911 930 καὶ
935 867 1158 946 παραινέσαντος
1180 865 1312 928 πολλὰ
1295 862 1355 928 απὸ
1381 869 1439 927 τών

265 981 404 1060 γράφων
394 955 422 1018 σι’
434 953 537 1052 πάντες
548 953 725 1058 παρέμειναν,
740 952 768 1014 σι’
775 949 824 1056 μέν
835 977 885 1015 του
872 954 1120 1055 θεραπευθῆναι
1123 947 1212 1030 χάριν,
1228 975 1254 1012 οι
1249 945 1295 1011 ’δέ
1305 953 1355 1012 τοῦ
1366 950 1439 1012 ἱστο

264 1043 347 1140 ρῆσαι
361 1039 425 1110 τοὺς
439 1042 489 1139 τῆς
503 1037 662 1118 θεραπείας
675 1034 863 1116 ἐπιτυχόντας.
882 1032 899 1096 5
914 1033 945 1098 ’δέ
961 1035 1070 1115 Πέτρος
1088 1034 1141 1105 τὰς
1160 1043 1255 1114 χεῖρας
1270 1033 1367 1131 αὐτοῖς
1383 1036 1439 1097 ἐπι-

265 1120 329 1194 θεῖς
342 1122 426 1203 μόνον
441 1147 488 1184 και
480 1117 661 1201 ἐὐξάμενος
676 1119 858 1190 πάντας1”
829 1143 944 1193 ιασατο,
959 1116 999 1190 ὡς
1013 1118 1077 1189 τούς
1094 1116 1145 1220 μέν
1159 1121 1335 1221 παραχρημα
1349 1129 1439 1198 θερα-

265 1208 424 1276 πευθέντας
437 1203 573 1308 γενέσθαι
586 1229 762 1304 περιχαρεις,
772 1203 836 1274 τοὺς
850 1201 905 1265 δὲ’
893 1202 1096 1282 ιστυρὴσαντας
1108 1199 1331 1282 ὑπερθαυμάσαι
1344 1225 1376 1264 τε
1390 1199 1439 1264 καῖ

266 1289 421 1373 έύφημῖγσαι
436 1289 484 1352 τόν
500 1287 583 1354 Θεόν.
599 1289 719 1370 βεβαίως
732 1280 780 1349 ούν
795 1285 992 1358 πιστεύσαντες
1006 1284 1068 1368 ἅμα
1082 1296 1141 1358 τοῖς
1154 1289 1408 1366 θεραπευθεῖσιν’
1392 1283 1438 1349 επῖ

264 1375 302 1438 τά
316 1376 423 1437 έαυτών
438 1371 567 1453 ἀπῄεσαν
582 1371 723 1476 έντυλῖγν”
707 1397 814 1452 εχοντες
828 1369 1021 1452 πρωϊυιότερον
1034 1376 1188 1433 συνελθεῖν.

348 1457 462 1518 LXVI.
510 1449 603 1537 Τῇ’
573 1483 621 1520 συν
640 1454 760 1535 ἐπιούσῃ
770 1453 858 1538 ἡμέρᾳ
878 1453 894 1518 5
914 1453 1066 1557 Πέτρος’
1046 1480 1108 1535 αμα
1126 1463 1184 1526 τοῖς
1197 1453 1334 1534 ἑταίροις1
1356 1452 1438 1528 ε’ξιάν

264 1539 311 1606 καῖ
325 1539 370 1606 ε’πῖ
385 1542 434 1605 τὸν
455 1541 561 1605 τόπον2
580 1540 675 1604 ελθών
695 1539 801 1643 ν’χρξατο
818 1541 916 1621 λέγειν·
936 1535 952 1602 5
974 1537 1053 1611 Θεὸς
1070 1537 1167 1602 πάντα
1186 1536 1349 1601 δύναται’
1333 1548 1437 1609 εκεῖνυς

266 1626 319 1709 γάρ
335 1629 407 1690 έστιν
420 1625 524 1707 μόνος3
542 1625 658 1708 ἀγαθὸς
673 1651 719 1688 και
711 1621 852 1698 ’δι’καιιις,
874 1627 922 1686 νύν
936 1627 1007 1686 πάσι
1009 1621 1257 1724 μακροθυμῶν,
1241 1647 1288 1685 ινα
1301 1647 1328 1684 οι
1322 1621 1438 1704 ’βουλό-

264 1736 341 1792 μενοι
354 1710 398 1816 ἐφ’
413 1735 454 1781 υις
432 1709 594 1790 ἔπραξαν
608 1718 704 1780 κακοῖς
717 1707 956 1834 μεταμεληθέντες
971 1733 1016 1770 και
1009 1703 1261 1812 πολιτευσάμενοι
1270 1707 1387 1776 καλοῖςΙ
1409 1708 1437 1769 έν

263 1794 368 1898 ν’χμερᾳ,
379 1787 398 1874 5
412 1793 450 1856 τὰ
464 1793 559 1856 πάντα
574 1794 707 1874 κρίνεται,
721 1795 777 1854 τάν
791 1791 853 1854 κατ’
870 1791 954 1864 ἀξίαν
969 1791 1159 1854 ἀπολαύσωσι.
1174 1790 1261 1854 διὸ
1229 1817 1278 1855 νυν
1293 1789 1439 1872 άρξασθε,

267 1877 383 1982 ἀγαθῆς
398 1876 525 1984 γνώσεως
532 1881 625 1956 5θεῴ
639 1875 815 1956 πειθόμενοι,
831 1872 1003 1957 ἀντιλέγειν
990 1880 1068 1955 υμιόν
1082 1884 1146 1946 ταῖς
1160 1885 1261 1946 κακαῖς
1274 1875 1440 1954 ἐπιθυμίαις

266 1959 312 2025 καῖ
332 1963 461 2034 ἐννοίαις,
482 1960 528 2025 ἵνα
550 1939 689 2064 δυνηθῆτε
716 1961 953 2022 ἀνακαλέσασθαι
975 1983 1024 2040 την
1043 1958 1155 2040 πρώτην
1177 1961 1211 2037 55
1235 1957 1440 2064 ἀιθρωπότητι

265 2051 483 2126 παραδοθεῖσαν
498 2043 616 2126 ἐντολήν.
634 2043 706 2108 οὕτω
688 2043 775 2148 γὰρ
789 2041 851 2124 ύμῖν
865 2043 946 2118 εξ
911 2068 998 2152 αυτχς
1012 2042 1188 2106 ἀνατελεῖ’
1157 2068 1195 2106 τα
1206 2043 1322 2168 575553
1334 2039 1384 2106 καὶ
1398 2045 1440 2123 τῷ

265 2127 394 2192 δεδωκότι
406 2128 643 2234 εύχαριστησετεθ
666 2129 706 2199 είς
731 2153 774 2190 αει
799 2131 856 2191 τάν
881 2127 1047 2211 ἀπορῥητων
1066 2126 1276 2199 ἀπολαύοντες7
1305 2127 1439 2209 ἀγαθῶν.

267 2211 528 2317 ἀπολιασάμαοι’
513 2237 556 2276 επι
580 2237 613 2292 τη
636 2213 824 2316 τρισμακαριά
847 2213 1024 2294 ε’πονομασίιμ
1045 2207 1092 2274 καὶ
1113 2211 1146 2275 οό
1164 2211 1248 2316 μόνον
1267 2212 1304 2274 τά
1327 2215 1439 2293 ἐνδομυ

267 2295 422 2377 χούντα8
409 2305 472 2377 υμῖν
486 2294 631 2376 πνεύματα
646 2294 787 2359 ἀπελάσαι
801 2295 980 2399 δυνησεσθε,9
995 2296 1068 2359 ἀλλά
1083 2292 1131 2360 καῖ
1145 2297 1183 2359 τά
1198 2296 1292 2359 ἀλλων
1306 2296 1440 2376 δαιμόνια

265 2379 421 2488 χαλεπὰ’
391 2405 441 2444 συν
454 2389 513 2452 τοῖς
527 2386 623 2452 δεινοῖς
637 2379 761 2444 πάθεσιν
777 2379 940 2443 ἀπελάσετε
946 2381 971 2422 ¹⁰
985 2385 1076 2444 ταῦτα
1090 2380 1174 2444 ειπὼν
1185 2389 1243 2452 τοῖς
1257 2378 1313 2443 ὑπὸ
1328 2385 1440 2445 παθών

262 2465 436 2566 όχλουμελιρις
450 2466 592 2546 προσιέναι
610 2465 740 2529 ε’κελευσε.
745 2461 804 2505 ¹¹
790 2489 807 2526 ο
827 2459 900 2524 δέ’
870 2489 922 2536 τας
937 2474 1031 2546 χεῖρας
1050 2465 1145 2536 αὐτοῖς
1164 2461 1273 2536 ε’πιθεῖς
1292 2491 1340 2528 και
1330 2461 1439 2540 ἐύξά-

262 2576 344 2630 μενος
358 2575 404 2613 και
397 2545 440 2590 ¹¹
455 2547 533 2624 ιζ’
500 2553 585 2630 αυτὴς
599 2548 749 2630 ἰασάμενος
763 2548 917 2612 ἐνετείλατο
932 2547 1027 2618 αὐτοῖς
1041 2548 1226 2655 όρθριιύτερον
1240 2555 1398 2612 συνελθεῖν.

348 2632 478 2692 LXVII.
509 2637 554 2712 Τῇ
570 2631 600 2697 δέ
614 2635 691 2740 τρίτη
705 2631 801 2733 ἡμέρα
807 2630 994 2735 όρθριωτερον
1009 2631 1069 2706 έξ”
1055 2657 1140 2710 υιινου
1154 2629 1309 2733 ε’γερθάςύ
1314 2635 1439 2738 Πεπρρς

265 2713 311 2780 καῖ
337 2715 560 2798 προσευξάμενος
585 2718 763 2822 ε’καθέσθι·1
789 2713 864 2797 ίγμάς
888 2713 917 2778 55
938 2717 1206 2818 περικαθεζομένους
1225 2713 1273 2780 καῖ
1292 2718 1332 2788 είς
1352 2717 1438 2780 αὐτόν

266 2799 480 2873 ἀτενιζοντας’
456 2826 550 2882 ωσπερ
565 2801 689 2864 ἀκούσαί
700 2826 724 2862 τι
738 2801 917 2903 βουλομένους
931 2795 1020 2872 συνείς
1031 2801 1094 2881 ἔφη·
1109 2801 1167 2904 πρὸ
1177 2799 1300 2904 πάντφν,
1315 2826 1339 2861 ω
1323 2798 1438 2910 φιλοι,

262 2881 278 2946 5
299 2884 371 2948 θεὸν
393 2886 481 2966 σέβειν
503 2884 662 2966 αἱρούμενος
679 2886 778 2946 ειδέναι
796 2882 950 2986 όφειλει,’
933 2908 976 2947 οτι
995 2885 1023 2946 έν
1046 2879 1133 2965 τρισίν
1154 2881 1377 2948 ύποστάσεσινό
1400 2883 1439 2957 εἷς

264 2968 336 3037 θεὸς
351 2969 522 3048 γνωριζεται
542 2969 633 3030 ἔστιν2
655 2968 684 3030 δέ
698 2965 766 3030 ι’διον
781 2969 867 3031 αὐτού
886 2995 932 3031 και
923 2964 1127 3048 ’ἐξαίρετον
1101 2994 1134 3030 το
1148 2967 1263 3032 πάντων
1278 2967 1439 3048 κτισμάτων

262 3051 332 3113 εἶναι
347 3051 532 3152 δγγιμιουργὸςέ
552 3050 648 3114 πάντα
667 3053 811 3152 περιέχων,
833 3051 929 3116 πάντα
948 3050 1159 3158 περιορίζων,
1138 3078 1178 3124 ως
1192 3050 1261 3134 ὑπὲρ
1281 3052 1379 3118 πάντα
1399 3051 1439 3118 ὧν

263 3130 311 3197 καὶ
325 3132 422 3196 πάντα
437 3133 644 3217 δημιουργήσας.
664 3131 711 3198 καλ
725 3140 817 3199 ταῦτα
836 3136 920 3198 εἰπὼν
939 3133 1091 3201 καὶπολλὰ
1105 3163 1168 3217 περι
1160 3133 1349 3222 ’θεοσεβείας
1364 3138 1440 3202 διδά-

263 3220 316 3295 ξας
335 3218 459 3282 έκελευσε
478 3218 543 3291 τοὺς
558 3223 751 3324 δαιμονῶντας
772 3215 818 3282 καλ
837 3218 928 3292 νόσοις
947 3222 1206 3326 έγκατειλημμένους
1225 3223 1303 3302 αύτῴ
1318 3225 1440 3304 προσφέ-

262 3313 376 3386 ρεσθαι.
390 3304 634 3386 προσενεχθεῖσα*
656 3301 730 3367 δὲ’
700 3329 753 3376 τας
769 3314 863 3386 χεῖρας
877 3307 986 3378 ε’πιθεις
1000 3331 1047 3369 και
1038 3301 1285 3390 ’προσευξάμενος
1300 3307 1440 3372 ἀπέλυσεν

264 3389 366 3462 αὐτοὺς
380 3387 563 3472 ύγιαίνοντας

346 3474 492 3534 LXVIII
534 3472 625 3554 T5¹
592 3501 642 3556 μεν
656 3472 706 3538 οὖν
725 3473 842 3556 τετάρτη
857 3470 946 3579 ἡμέρᾳ
961 3471 989 3537 έν
1007 3473 1169 3554 Τριπόλειό
1185 3477 1297 3556 Πέτρος
1311 3473 1440 3558 έγερθεῖς

263 3581 310 3618 και
302 3553 547 3662 ’προσευξάμενος
562 3560 761 3664 συνεκαθέσθη
776 3557 854 3661 ἡμῖν
854 3583 901 3620 και
893 3555 1020 3640 ηρξατο
1027 3561 1125 3640 λεγειν
1141 3585 1157 3622 ο
1148 3558 1278 3641 ’μελλων
1293 3563 1439 3666 προσιέναι

262 3643 301 3716 τῷ
322 3641 384 3717 θεῷ
405 3664 456 3721 χρη
475 3666 581 3746 νηφειν,
587 3667 766 3747 σωφρονειν,
788 3642 870 3723 ἀρχῆς
889 3651 1011 3723 κρατεῖν,
1036 3641 1220 3749 ἀλλότρια’
1189 3671 1226 3726 μη
1240 3645 1439 3728 νοσφίζεσθαι,

262 3722 375 3792 δικαιως
388 3727 505 3826 55055,¹
490 3749 622 3799 επιεικοις,
637 3727 800 3800 εὐσταθῶς,
815 3751 925 3807 πραως,
946 3724 1069 3798 κολάζειν
1088 3727 1189 3791 ἑαυτὸν
1207 3731 1348 3810 μάλλα’
1332 3755 1360 3792 εν
1375 3739 1440 3800 ταῖς

261 3803 407 3876 ε’τδείαις”
391 3831 408 3886 η
415 3803 460 3907 μέγ
476 3807 575 3914 έχοντα
590 3808 646 3872 τά1
667 3810 758 3888 έτέρυυ
768 3808 941 3913 ἀφελόμενον
960 3815 1086 3891 κορεσθν
1087 3837 1147 3887 ναι,
1167 3813 1343 3894 καθαρὸς
1315 3838 1388 3875 εινιιι
1403 3817 1439 3892 τῇ

260 3889 362 3993 καρδίη
376 3885 423 3951 καλ
438 3889 523 3972 ἀγνδς
536 3897 575 3970 τῷ
590 3893 710 3998 σώματι,
729 3890 776 3956 καλ
790 3894 828 3973 μὴ
842 3891 1012 3973 ὁμοιοῦσθαι
1026 3904 1085 3966 τοῖς
1104 3898 1276 3978 φαρισαίοις,
1298 3899 1371 3978 πρὸς
1390 3897 1439 3969 οὓς

258 3969 359 4053 λέγει’
346 3997 363 4033 ο
385 3971 474 4054 κύριος
493 3971 540 4037 καῖ
559 3977 630 4048 θεὸς
647 3974 723 4056 ἡμῶν
741 3977 845 4057 Ἰησοῦς

258 4065 403 4135 φιιρισαῖυι
424 4055 582 4138 ὑποκριταὶ,
605 4057 648 4121 ὅτι
672 4013 841 4160 καθαρίζετε
859 4065 909 4123 τού
934 4064 1066 4142 πιπηρίου
1084 4061 1132 4126 καὶ
1152 4069 1202 4146 τῆς
1221 4067 1432 4146 παρυψίδος’
1405 4093 1439 4130 το

259 4137 417 4211 έξωθεν,’
400 4151 510 4204 εσωθεν
530 4140 559 4203 δὲ
577 4143 649 4223 γέμει
671 4140 770 4226 ρύπου
794 4155 926 4226 φιιρισαῖε
948 4144 1046 4224 τυφλέ,
1068 4148 1230 4250 καθάρισον
1252 4154 1366 4231 πρώτον
1387 4155 1440 4214 τού
1479 4191 1484 4206 ·

259 4223 389 4298 ποτηράιυ
408 4217 455 4284 καὶ
474 4227 523 4302 τῆς
541 4227 749 4307 παροφίδος’
722 4251 755 4288 το
770 4227 891 4302 ἔσωθεν,
912 4227 959 4292 ι”να
970 4231 1102 4334 γίνηται
1106 4229 1154 4295 καὶ
1168 4258 1201 4294 το
1189 4233 1321 4307 ’ἔξω
1287 4238 1376 4299 αυτοῦ
1392 4261 1440 4299 κα

259 4300 377 4374 θαρόνά
391 4328 439 4364 και
430 4299 581 4383 ’ἀληθῶς
596 4310 789 4388 φωτισθέντος
804 4311 856 4390 γάρ
870 4317 919 4376 τοι]
933 4316 982 4377 νοῦ
996 4317 1030 4394 τη
1044 4313 1151 4395 γνιόσει,
1166 4314 1183 4379 5
1198 4316 1307 4397 μαθὼν
1318 4317 1440 4384 δύναται
