3162 4900
265 321 328 386 286
573 338 1135 391 nwrusnnnnrrnnornrronrnr.

265 507 356 562 ματος
368 487 499 554 κινήσεως
511 489 601 540 altero
616 487 679 542 loco
696 485 840 540 adhibitis.
860 487 951 550 Quam
965 486 1051 539 facile
1063 484 1125 538 fieri
1139 485 1274 553 potuerit,
1284 487 1316 536 ut
1328 485 1451 538 verbum

267 557 304 609 ad
323 561 524 624 antegressum
548 571 658 608 versum
677 555 823 623 pertinens
842 572 910 608 casu
929 555 1135 608 transferretur
1155 551 1183 604 in
1202 559 1382 637 sequentem,
1400 553 1450 604 vix

268 639 341 692 opus
355 629 400 676 cst
412 637 536 676 monere.
554 653 588 661 —
605 622 759 675 Praeterea
778 624 873 690 locus,
893 623 941 706 qui
961 629 1005 674 est
1023 638 1048 674 v.
1063 621 1095 672 15
1108 637 1186 691 sqq.:
1206 627 1262 674 Δια
1279 617 1330 690 γὰρ
1344 623 1375 674 σὲ
1387 619 1449 673 -ὁ

269 689 339 752 Θεὸς
350 691 474 746 ἐκέλευσε
494 689 525 744 τὸ
545 692 592 742 ἐπὶ
609 689 765 756 προσώπου
778 692 825 758 τῆς
837 692 886 760 γῆς
899 690 1077 762 υποχωρῆσαι
1093 687 1174 754 ὕδωρ,
1188 692 1233 740 ἵνα
1246 685 1372 757 καρποὺς
1383 685 1399 755 ἡ
1410 689 1449 756 γῆ

268 775 313 812 σοι
329 763 512 839 προσενέγκαι
527 760 643 832 δυνηθῇ,
657 765 702 812 καὶ
716 756 851 827 τρηόόνας
867 760 1011 824 inulam,
1030 761 1076 809 ἵνα
1094 775 1140 810 σοι.
1154 756 1283 876 παὲασχῇ
1301 753 1390 824 πηγὰς
1401 761 1450 808 καὶ

269 845 406 898 ποταμων
418 827 517 906 ῥεῖθρα
530 828 612 897 ιγανῇ,
626 832 670 879 καὶ
685 826 737 888 ζῶα
750 827 902 899 ἔκβρασθῇ,
921 824 1047 877 nondum
1060 825 1144 876 estin
1158 839 1191 876 or
1211 823 1287 875 inem
1301 824 1448 876 redactus.

267 894 367 961 Inepte
381 910 456 946 enirn
470 893 550 946 Deus
564 893 670 946 dicitur
684 890 819 962 τῳηόόνας
831 895 960 960 ποιῆσαι,
980 894 1026 946 ἵνα
1044 892 1096 954 ζῶα
1112 893 1259 965 ἓκβρασθῇ.
1289 889 1354 943 Jarn
1369 907 1445 942 com-

267 975 352 1028 pares
366 960 448 1013 v'elirn
463 977 535 1030 quae
547 961 683 1032 leguntur
697 961 725 1014 in
743 959 897 1028 Recognit.
909 958 959 1026 VI,
979 960 1006 1012 7:
1025 957 1167 1026 „Propter
1180 967 1209 1012 te
1224 974 1293 1026 ergo
1307 955 1354 1010 dei
1363 959 1449 1026 jussu

267 1043 356 1097 aqua,
376 1045 449 1099 quae
472 1032 534 1081 erat
551 1044 637 1096 super
653 1029 758 1081 faciem
776 1033 884 1093 terrae,
905 1026 1038 1093 secessit,
1060 1031 1093 1077 ut
1108 1031 1185 1078 terra
1205 1025 1259 1078 tibi
1272 1026 1448 1093 produceret

268 1094 386 1162 fructus,
400 1095 446 1148 cui
460 1095 546 1147 etiam
559 1093 709 1148 humorum
722 1110 809 1147 venas
822 1095 947 1148 latenter
959 1091 1092 1159 inseruit,
1110 1098 1143 1144 ut
1163 1093 1215 1147 tibi
1229 1109 1263 1146 ex
1276 1107 1311 1145 ea
1323 1091 1448 1161 proflue-

267 1169 330 1215 rent
343 1162 438 1216 fontes
452 1160 616 1217 etflumine.
651 1161 774 1229 Propter
795 1167 823 1214 te
841 1161 998 1230 producere
1012 1161 1095 1229 jussa
1114 1165 1159 1213 est
1178 1159 1351 1214 animantia“
1380 1167 1449 1213 cett.

267 1229 342 1284 Hinc
355 1235 486 1298 apparet,
505 1229 687 1284 scribendum
702 1244 779 1281 esse:
791 1259 826 1267 -—
838 1234 1022 1300 προσενέγκαι
1035 1229 1150 1301 δυνηθῇ,
1165 1217 1182 1296 ἦ
1194 1234 1237 1282 καὶ
1255 1257 1289 1266 -
1305 1229 1389 1302 φανῇ,
1402 1234 1449 1282 καὶ

270 1300 322 1360 ζῶα
335 1300 481 1372 duplicabis,
496 1298 537 1350 ita
550 1304 582 1350 ut
595 1296 787 1350 construenda
801 1297 858 1348 siut
875 1296 978 1349 verba:
996 1301 1041 1350 ἵνα
1054 1286 1176 1363 καρποὺς
1191 1295 1206 1362 ἡ
1224 1300 1260 1367 γῆ
1277 1314 1323 1351 σοι
1341 1315 1449 1367 προσε-

269 1371 362 1435 νέγκαι
381 1369 491 1439 δυνηθῇ
507 1369 552 1418 καὶ
570 1366 621 1428 ζῶα
639 1366 788 1437 ἐκβρασθη,
804 1381 843 1415 sc.
860 1365 890 1417 ἐκ
908 1365 956 1430 τῆς
975 1365 1032 1432 γῆς.
1053 1361 1110 1415 cfr.
1130 1365 1215 1416 etiam
1233 1364 1323 1430 loeus,
1337 1364 1388 1432 qui
1402 1370 1450 1417 est

268 1449 294 1501 p.
313 1434 370 1500 191,
389 1435 422 1485 18
436 1451 512 1502 sqq.:
533 1432 549 1500 ἡ
571 1433 602 1488 di
626 1434 662 1503 γῆ
684 1436 712 1488 ἔκ
734 1430 842 1485 τούτων
859 1438 909 1492 (ac.
928 1433 984 1484 τῶν
1001 1429 1136 1504 αἱμάτων)
1156 1429 1268 1502 σφόδρα
1291 1439 1447 1503 μιανθεῖσα

268 1503 381 1568 πρῶτον
400 1499 463 1555 τότε
481 1499 513 1553 τὰ
534 1498 628 1568 ἰοβόλα
644 1507 689 1554 καὶ
701 1497 853 1570 λυμαντικὰ
867 1502 920 1561 ζιῦιι
932 1501 1088 1568 dispondeo,
1111 1515 1283 1570 quamquam
1307 1515 1381 1569 quae
1396 1499 1445 1550 hic

268 1573 530 1622 commemorantur
543 1567 677 1620 animalia
690 1583 745 1618 non
759 1573 825 1619 sunt
837 1568 944 1619 eadem.
980 1567 1009 1618 Is
1023 1566 1103 1619 locus
1117 1567 1201 1618 simul
1214 1567 1301 1620 etiam
1315 1565 1448 1619 suffulcit

267 1637 438 1704 scripturam
453 1636 562 1688 codicis
576 1632 614 1687 O:
631 1633 1001 1708 rapuerep.-P1·ssteres
1019 1634 1204 1686 adnotatione
1222 1633 1311 1702 digua
1329 1641 1374 1686 est
1393 1651 1447 1686 vox

268 1699 388 1772 τρηδιόν,
411 1703 485 1754 idem
509 1699 675 1770 significans
699 1703 777 1771 quod
799 1703 895 1773 τρῆμα.
934 1701 1086 1770 Reperitur
1103 1718 1151 1766 ea,
1190 1702 1248 1754 uod
1271 1717 1326 1770 ego
1345 1702 1445 1767 sciam,

267 1775 381 1889 grueter
399 1769 475 1821 hunc
493 1769 586 1821 locum
611 1770 790 1822 solummodo
807 1769 885 1836 apud
902 1768 1109 1837 Hippocratem
1126 1721 1244 1822 Deiuit.
1257 1770 1331 1821 med.
1344 1786 1370 1837 p.
1384 1769 1444 1835 401,

298 1837 389 1902 Poea,
403 1835 452 1889 ubi
466 1837 636 1890 vocabulum
655 1834 778 1905 τερηόὼν
795 1835 954 1904 explicatur
972 1836 1017 1888 his
1035 1835 1141 1890 verbis:
1160 1839 1239 1892 ἔστὶν
1256 1835 1344 1891 ὀστοῦ
1360 1834 1444 1890 κατό-

267 1925 357 2026 όςονεί
367 1993 410 2034 τις
422 1972 529 2040 τρηδών
543 1969 620 2025 οὖσα.
655 1972 690 2024 In
709 1977 810 2041 quinta
826 1971 926 2049 Lexici
943 1971 1112 2024 Passovranr
1126 1913 1252 2026 eriitrone
1266 1970 1376 2042 spudela
1388 1971 1446 2024 hoc

266 2038 453 2092 Homiliarum
478 2039 542 2092 loco
575 2056 725 2108 perperam
756 2039 880 2091 traditur
907 2039 983 2091 idem
1011 2039 1107 2093 valere
1138 2040 1213 2111 quod
1245 2036 1377 2110 τερηδών.
1412 2038 1447 2092 In

267 2105 405 2159 Tlresaur.
419 2106 556 2174 Stephon.
570 2106 639 2159 edit.
653 2107 741 2160 Paris.
753 2106 804 2159 illa
817 2123 871 2158 vox
884 2123 1002 2174 prorsus
1016 2114 1060 2160 est
1074 2107 1250 2160 transmissa.

335 2174 366 2226 P.
384 2173 443 2240 246,
461 2176 494 2227 10
513 2191 554 2244 sq.
574 2175 603 2226 in
619 2174 729 2227 verbis:
748 2173 826 2234 ὅπως
843 2172 975 2244 ἐπιγνούς
992 2193 1045 2230 σου
1062 2175 1094 2230 τὸ
1111 2181 1193 2246 γένος
1208 2179 1253 2228 καὶ
1270 2173 1446 2248 πρωτογόνῳ

266 2240 464 2310 ἀναγεννηθιλς
487 2240 566 2296 ὕδατι
584 2247 629 2295 καὶ
649 2240 821 2316 κληρονόμος
842 2244 988 2315 καταστῇς,
1008 2241 1159 2298 offensioni
1176 2259 1254 2308 esse,
1273 2242 1349 2311 quod
1367 2259 1385 2296 a
1407 2261 1445 2296 ua

267 2314 385 2362 vocetur
404 2309 600 2380 primigenita,
620 2316 698 2363 recte
720 2315 818 2363 mouet
835 2308 1014 2362 Uhlboruins
1034 2312 1052 2364 l.
1070 2327 1094 2364 e.
1111 2329 1139 2380 p.
1157 2310 1214 2377 114,
1231 2311 1295 2363 adn.
1315 2309 1356 2363 99.
1420 2317 1448 2362 st

267 2383 362 2430 autem
397 2378 568 2432 vocabulum
598 2376 771 2449 πρωτογόνῳ
804 2377 904 2445 procul
938 2375 1025 2430 dubio
1055 2386 1228 2447 corruptum.
1262 2377 1447 2431 Emendaudi

266 2445 406 2499 rationem
426 2444 584 2516 indigitant
604 2446 692 2498 verba
712 2443 840 2514 proxime
863 2449 1042 2513 antegressa,
1059 2463 1084 2499 v.
1099 2447 1128 2498 8:
1152 2444 1185 2500 τόι
1201 2444 1294 2500 πόντοι
1312 2444 1345 2499 τό
1370 2445 1448 2518 ὕδωρ

268 2519 352 2567 ποιεῖ.
386 2511 451 2567 Vox
473 2511 688 2585 παντογόνος
703 2512 845 2580 reperitur
866 2510 951 2564 etiam
970 2513 998 2565 in
1020 2513 1136 2567 oraculo
1155 2513 1257 2582 Sibyll.
1272 2515 1350 2582 apud
1364 2513 1446 2568 Zosi-

267 2595 343 2631 mum
356 2580 393 2645 II,
406 2579 431 2632 6.
448 2611 481 2619 —
503 2580 636 2634 Ceterum
649 2579 738 2634 dictio
756 2577 929 2654 πρωτογόνῳ
943 2579 1020 2634 ὕδατι
1035 2581 1187 2650 legebatur
1200 2580 1286 2634 etiam
1300 2583 1329 2633 in
1352 2598 1447 2634 exem-

266 2647 330 2714 plo,
353 2665 410 2717 quo
431 2649 568 2702 utebatur
587 2646 722 2712 Rufinus,
740 2647 791 2699 cfr.
808 2647 959 2714 Recognit.
976 2647 1027 2713 VI,
1045 2650 1070 2716 8,
1091 2647 1141 2701 ubi
1158 2648 1229 2701 baec
1254 2653 1321 2700 sunt
1342 2649 1446 2702 verba:

266 2729 349 2780 „cnm
367 2723 460 2768 autem
480 2716 645 2784 perveneris
661 2715 698 2768 ad
716 2722 838 2783 patrem,
857 2731 998 2782 agnosces
1010 2714 1085 2768 hanc
1101 2733 1165 2769 esse
1178 2716 1356 2768 voluntatem
1371 2719 1444 2786 ejus,

266 2789 297 2834 ut
314 2797 365 2850 per
378 2799 480 2854 aquas,
500 2800 573 2853 quae
591 2784 699 2862 primae
723 2790 837 2836 creatae
854 2787 932 2844 sunt,
956 2783 1049 2836 denuo
1070 2782 1256 2836 renascaris“.
1278 2813 1311 2822 —
1332 2783 1445 2850 Restat,

265 2849 354 2901 uide
377 2851 534 2904 levioribus
557 2851 728 2920 qmbusdam
750 2867 877 2918 agamus.
913 2850 969 2903 Pro
991 2849 1125 2920 ἐπιγνοὺς
1146 2851 1236 2902 codex
1262 2848 1284 2902 C
1311 2851 1447 2918 praebet:

266 2918 394 2985 ἐπιγνῷς,
410 2923 439 2970 et
450 2923 502 2978 καὶ,
517 2917 594 2986 quod
607 2925 652 2970 est
664 2923 730 2970 ante
742 2916 861 2987 κληρονό
886 2937 923 2978 ος,
937 2918 1095 2971 nonhabet
1109 2920 1198 2970 codex
1213 2916 1245 2970 Ο.
1272 2917 1353 2981 Quae
1367 2919 1446 2972 edita

267 2988 334 3035 sunt
353 2999 370 3035 a
387 2984 548 3049 Dresselio,
570 2984 638 3037 ferri
657 2991 814 3054 nequeunt.
876 2985 971 3038 xstitit
987 2992 1082 3039 autem
1105 2985 1212 3054 duplex
1233 2985 1333 3052 lectio,
1356 2986 1448 3039 altera

267 3048 351 3101 baec:
371 3045 449 3110 ὅπως
462 3052 584 3120 ἐπιγνῷς
600 3079 634 3088 -
650 3055 695 3103 καὶ
712 3080 743 3088 -
760 3051 996 3121 ἀναγεννηθῆς
1011 3083 1045 3092 -—
1067 3059 1112 3107 καὶ
1128 3083 1162 3091 -
1178 3055 1328 3126 καταστῇς,
1352 3055 1446 3107 altera

266 3115 352 3196 baec:
369 3115 448 3176 ὅπως
460 3116 593 3187 ἐπιγνοὺς
607 3147 635 3154 -
650 3123 696 3172 καὶ
708 3138 738 3171 π.
753 3118 952 3189 ἀγαγεννηιλεὶς
962 3113 988 3176 b.
1002 3119 1175 3194 κληρονόμος
1186 3123 1330 3195 καταστῇς.
1345 3121 1446 3176 Poste·

264 3199 368 3237 rrorem
382 3185 511 3252 recipere
525 3184 651 3239 debebat
663 3185 837 3240 Dresselius.

266 3317 281 3338 a
332 3251 364 3337 P.
377 3251 428 3306 247
441 3269 483 3323 sq.
495 3257 540 3306 καὶ
552 3252 597 3306 bis
614 3253 747 3338 positum,
756 3253 824 3306 ferri
837 3256 945 3334 nequit.
973 3254 1067 3335 'Qu-od
1087 3255 1285 3333 Schweglerus
1305 3256 1445 3325 conjecit:

266 3322 1445 3461 ltfl‘all'lllll‘lsslperstillatillllalllllllltrllffllalllll

266 3455 414 3509 codicibus
427 3455 631 3509 Homiliarum:
648 3458 708 3511 ἔστι
725 3454 776 3528 γάρ
789 3479 817 3510 τι
835 3461 891 3513 ἐκεῖ
905 3459 1031 3529 ἀπαρχῆς
1042 3461 1166 3532 dissipor,
1180 3456 1299 3530 ἐπιφορά
1325 3477 1392 3514 ενον
1406 3463 1445 3529 τῷ

265 3522 353 3586 ὕδατι,
366 3529 412 3578 καὶ
425 3523 490 3584 τοὺς
500 3528 722 3596 βαπτιζομένους
733 3527 781 3578 ἐπὶ
794 3527 827 3599 τῇ
840 3531 1025 3598 τρισμακαρῖᾳ
1038 3528 1216 3595 ἔπονομασίῳ
1229 3478 1384 3646 saiwaina.
1398 3530 1446 3594 τῆς

265 3593 401 3664 ἐσομένης
416 3591 564 3655 κολάσεως,
583 3591 738 3645 contulerit
756 3609 803 3660 ea,
822 3609 895 3674 quae
909 3593 1092 3647 habenturin
1104 3593 1255 3662 Recoguit.
1311 3593 1362 3657 ,9;
1381 3602 1445 3660 „est

265 3659 386 3710 enimin
404 3661 486 3728 aquis
503 3660 566 3711 istis
585 3659 799 3713 misericordiae
817 3677 860 3712 τιτι
878 3661 1032 3732 quaedam,
1054 3677 1128 3732 quae
1146 3677 1180 3713 ex
1197 3658 1281 3714 initio
1295 3661 1447 3714 ferebatur

265 3740 352 3791 super
365 3741 422 3787 eas,
436 3731 465 3778 et
476 3726 609 3793 agnoscit
622 3741 672 3778 eos
686 3727 734 3796 qui
747 3727 930 3794 baptizantur
940 3728 993 3780 sub
1004 3729 1199 3796 appellatione
1211 3727 1334 3796 triplicis
1348 3745 1445 3783 sacra·

264 3792 365 3856 menti,
378 3799 407 3845 et
425 3793 510 3862 eripit
527 3809 576 3846 eos
590 3793 625 3846 de
638 3794 788 3862 suppliciis
801 3794 933 3851 futuris.“
960 3795 1079 3848 Plenum
1094 3801 1145 3861 esi,
1157 3794 1186 3847 in
1199 3795 1331 3864 exemplo
1345 3794 1444 3850 Rufini

265 3859 409 3913 exstitisse
423 3860 593 3928 particulam
605 3865 649 3914 καλ
661 3867 719 3914 tarn
732 3861 807 3914 inter
819 3861 898 3917 ὕδατι
912 3869 941 3916 et
953 3861 1019 3924 τοὺς
1029 3867 1258 3935 βαπτιζομένους,
1269 3881 1356 3933 quam
1367 3865 1446 3917 inter

264 3927 440 3998 λιτονομασίᾳ
457 3933 486 3980 et
497 3926 603 4001 ῥύεται,
625 3928 754 3981 dumille
774 3931 842 3982 sede
856 3930 1034 3984 desideratur
1045 3933 1074 3982 in
1088 3930 1278 3982 Homiliarum
1293 3931 1397 3984 codice
1412 3929 1443 3998 C,

264 3991 360 4046 bacin
373 3994 477 4048 Homil.
491 3995 554 4047 cod.
573 3993 620 4060 0.;
645 4012 739 4063 porro,
752 3995 885 4049 Rufinum
898 4005 964 4065 post
977 3996 1055 4065 prius
1071 4003 1117 4051 καὶ
1136 3996 1243 4067 legisse
1255 3998 1443 4066 vocabulum,

265 4059 342 4135 quod
354 4061 409 4128 ipsi
421 4061 517 4114 valere
528 4061 675 4115 videretur
687 4062 763 4116 idem
776 4070 862 4135 atque
875 4064 1054 4134 ,‚aguoscit“.
1090 4065 1154 4117 Non
1171 4065 1354 4129 dubitamus,
1372 4065 1444 4136 quin

265 4132 400 4191 scriptum
421 4128 590 4196 reppererit:
608 4128 746 4198 γινώσκει.
776 4131 878 4184 Paullo
902 4148 989 4200 supra
1017 4131 1135 4184 verbum
1159 4131 1308 4202 γινώσκειν
1332 4133 1442 4201 pluries

265 4188 467 4268 interpretatus
481 4201 524 4246 est
536 4201 739 4263 „agnoscere.“
756 4197 912 4252 Praeterea
924 4199 1027 4268 liquet,
1040 4215 1126 4268 quarn
1139 4197 1225 4253 facile
1238 4199 1309 4250 illud
1322 4206 1446 4268 propter

265 4256 493 4311 terminatlonem
519 4281 574 4314 -κει
600 4261 772 4317 intercidere
797 4265 926 4336 potnerit
951 4271 1017 4333 post
1042 4272 1094 4319 καὶ.
1123 4297 1156 4304 -
1179 4265 1347 4335 Sequuntur
1368 4267 1444 4320 baec

267 4317 364 4370 verba:
386 4320 479 4391 ὥσπερ
499 4327 574 4396 δῶρα
592 4336 756 4402 προσῳέρον
773 4333 812 4400 τῳ
831 4336 892 4400 Occi
904 4331 940 4393 ὡς
955 4331 990 4388 ἂν
1001 4331 1060 4386 ἀπὸ
1078 4335 1129 4388 τοῦ
1138 4340 1337 4405 βαπτίσματος
1349 4334 1444 4390 αὐτῶν

304 1921 363 1970 ησις
374 1903 432 1958 ἀπὸ
445 1906 569 1975 φθορᾶς·
584 1903 615 1958 τὸ
629 1906 659 1960 dl
672 1904 763 1982 όνομα
776 1907 815 1972 τῳ
828 1902 914 1958 πάθει
927 1902 983 1958 ἀπὸ
997 1906 1152 1984 τῶνισυμρε
1165 1903 1447 1984 ηαότωντρημάτων,
