3114 4896
588 338 745 388 mivone
764 339 876 388 emon.
1271 325 1312 390 21
1354 413 1364 432 ·

128 507 229 544 mones
247 488 297 559 qui
315 488 438 543 animam
455 485 624 542 confirmant
639 485 800 542 hominibus
817 493 883 542 ante
900 487 1080 542 vexationem
1097 488 1213 556 inferre,
1234 495 1267 544 ut
1288 489 1313 545 si

146 557 200 612 uid
211 557 286 611 forte
299 556 379 626 pravi
396 555 536 610 acciderit
552 571 631 609 mens
647 555 725 636 prius
743 561 851 611 armata
867 561 946 610 recta
963 555 1074 610 ratione
1090 557 1182 627 possit
1195 557 1224 610 id
1237 559 1313 628 quod

128 576 245 680 illatum
263 630 308 679 est
323 623 455 694 perferre.
490 621 589 689 Unde,
607 640 697 677 amrce
716 622 862 689 Clemens,
877 623 901 675 si
915 623 995 693 cupis
1009 639 1081 693 quae
1094 624 1131 678 ad
1144 623 1237 678 Deum
1249 644 1310 696 per·

126 695 223 748 tinent
236 709 427 764 cognoscere,
445 709 462 745 a
476 691 589 744 domino
603 696 632 745 et
644 691 707 744 Deo
727 697 755 745 et
772 691 912 744 salvatore
925 697 1022 745 nostro
1035 692 1102 746 Iesu
1115 689 1243 760 Christo,
1264 694 1312 763 qni

125 762 284 816 humanum
296 777 388 832 genus
402 759 487 813 docet
499 757 658 824 scientiam,
672 758 707 813 ab
721 776 755 813 eo
766 758 826 812 solo
837 757 946 812 discere
956 765 1047 829 potes,
1062 759 1129 829 quia
1142 759 1219 813 solus
1231 760 1311 814 novit

126 830 288 884 veritatem.
324 826 454 882 Aliorum
474 827 549 882 enim
567 825 592 880 si
610 825 673 897 quis
690 826 800 897 aliquid
812 827 975 899 cognoscit,
989 827 1025 884 ab
1040 844 1074 882 eo
1086 833 1136 882 aut
1148 827 1184 882 ab
1197 827 1259 882 cius
1271 827 1312 882 di·

130 898 253 968 scipulis
266 897 404 951 traditum
417 895 538 966 accepit.

200 964 313 1018 ΧΧΙΠ.
343 963 397 1017 Est
409 969 505 1018 autem
518 963 578 1018 eius
589 961 741 1028 sententia,
753 961 847 1016 Deum
858 981 944 1016 unum
957 980 1019 1018 esse
1030 963 1060 1018 in
1070 962 1162 1017 tribus
1174 963 1312 1034 personis,

128 1033 211 1088 cuius
224 1038 304 1086 totus
316 1032 438 1086 mundus
456 1049 526 1102 opus
546 1036 603 1097 est,
623 1030 671 1100 qui
691 1048 727 1084 ue
740 1029 831 1083 iustus
844 1030 984 1085 exsistens
997 1031 1150 1102 aliquando
1164 1037 1239 1086 certe
1251 1032 1313 1086 uni·

128 1102 234 1172 cuique
247 1117 298 1170 pro
312 1097 633 1154 actionibusretribuet.
686 1115 782 1152 ecesse
796 1097 900 1169 quippe
912 1099 1025 1154 omnino
1039 1106 1093 1166 est,
1105 1105 1137 1152 nt
1150 1100 1198 1170 qui
1210 1101 1313 1156 asserit

127 1170 224 1223 Deum
237 1173 340 1222 natura
353 1185 415 1222 esse
428 1167 535 1221 iustum
547 1166 634 1220 etiam
647 1167 758 1233 credat,
776 1165 947 1221 immortales
961 1185 1024 1222 esse
1036 1166 1181 1222 hominnm
1194 1168 1311 1223 animas.

128 1237 272 1302 Quoniam
284 1236 333 1290 ubi
346 1236 401 1290 erit
413 1234 525 1290 iustitia
538 1235 608 1300 eius,
623 1234 735 1303 quando
748 1233 836 1304 aliqui
850 1253 913 1288 cum
925 1235 972 1305 pie
984 1235 1124 1289 vixissent
1133 1241 1229 1291 tamen
1237 1237 1311 1291 male

127 1304 224 1360 habiti
236 1321 288 1374 per
299 1304 355 1357 vim
368 1321 383 1358 e
396 1303 490 1357 medio
504 1301 611 1356 sublati
630 1307 709 1368 sunt,
749 1301 844 1356 uidam
861 1320 926 1357 vero
945 1320 1009 1357 cum
1024 1303 1109 1356 valde
1129 1303 1167 1356 im
1188 1303 1209 1356 ii
1227 1305 1311 1358 exsti-

128 1375 237 1428 tissent
249 1377 335 1442 atque
347 1371 424 1426 vitae
437 1370 516 1424 luxui
529 1387 562 1424 ac
576 1369 688 1424 deliciis
697 1319 894 1437 indulsissent,
909 1371 1049 1424 communi
1057 1376 1155 1424 tamen
1166 1323 1311 1426 Hominum

129 1441 221 1496 mo'rte
235 1439 386 1494 obierunt?
422 1437 657 1508 Quandoquidem
676 1437 765 1510 igitur
779 1438 886 1508 absque
909 1438 969 1493 ulla
986 1438 1212 1494 contradictione
1230 1440 1311 1494 Deus

127 1511 223 1564 bonus
237 1527 302 1562 cum
315 1508 362 1574 sit,
375 1507 466 1561 iustus
480 1506 566 1561 etiam
579 1510 637 1573 est,
650 1523 703 1560 nec
716 1506 832 1560 aliunde
849 1507 941 1560 iustus
958 1523 1022 1562 esse
1035 1513 1238 1578 cognoscetur,
1254 1507 1312 1561 nisi

128 1577 227 1632 anima
249 1581 315 1646 post
337 1575 544 1646 separationem
561 1591 578 1628 a
599 1591 726 1644 corpore
737 1573 774 1627 sit
791 1573 972 1641 immortalis,
993 1579 1026 1627 ut
1044 1573 1158 1644 quando
1177 1573 1207 1627 in
1223 1593 1312 1630 resur-

127 1645 260 1700 rectione
273 1661 353 1697 suum
366 1661 466 1723 corpus
478 1659 546 1697 recu
568 1641 653 1721 erarit
665 1642 757 1721 malus
770 1641 897 1710 quidem,
916 1647 1051 1712 tanquam
1082 1640 1171 1721 uihic
1183 1641 1259 1696 bona
1270 1659 1311 1697 re-

129 1711 257 1784 ceperit,
275 1711 315 1766 ibi
350 1729 381 1766 ro
398 1711 433 1764 irs
450 1727 523 1791 quae
542 1661 665 1780 deliquit
680 1715 826 1780 pumatur;
847 1707 938 1763 bonus
955 1716 1051 1764 autem
1063 1658 1114 1763 Sic
1133 1727 1183 1780 pro
1197 1709 1311 1764 delictis

128 1781 293 1862 castigatus
306 1731 366 1833 illle
380 1796 462 1849 quasr
474 1779 504 1832 in
517 1779 581 1832 sinu
593 1777 730 1832 iustorum
742 1777 841 1832 haeres
854 1778 990 1832 bonorum
1000 1777 1197 1834 constituatur.
1220 1777 1312 1842 Quan-

129 1848 286 1919 doquidem
302 1847 391 1920 igitur
402 1846 482 1900 Deus
495 1845 587 1900 iustus
605 1851 664 1912 est,
683 1851 796 1900 constat
814 1845 964 1913 internos,
978 1847 1115 1901 iudicium
1147 1864 1239 1917 uoque
1252 1845 1312 1902 fore

129 1923 159 1972 et
181 1917 293 1971 animas
317 1932 380 1970 esse
406 1914 586 1968 immortales.
624 1911 654 1967 Si
678 1913 742 1984 quis
767 1931 847 1982 vero,
873 1915 1108 1985 quemadmodum
1128 1863 1311 1970 (Samaritano

130 1983 240 2040 Simoni
265 1983 362 2053 placet
386 1987 415 2036 et
438 1999 495 2035 non
514 1987 546 2035 ut
569 1981 699 2036 veritatis
721 1981 851 2036 doctrina
871 1983 946 2050 vult,
970 1983 1034 2038 Deo
1057 1984 1213 2038 concedere
1238 1983 1312 2038 nolit

129 2054 239 2108 iustum
252 2069 324 2118 esse,
339 2051 384 2104 cui
396 2050 452 2104 iam
465 2049 569 2120 aliquis
582 2049 613 2102 id
625 2049 748 2104 tribuere
781 2049 877 2105 otest?

200 2119 308 2174 XXIV.
344 2119 398 2171 His
411 2117 517 2172 auditis
536 2135 590 2190 ego
604 2116 736 2172 Clemens
753 2069 791 2172 ilt
804 2118 934 2188 quisnam
947 2123 1005 2186 est,
1020 2118 1087 2187 dixi,
1101 2119 1156 2174 iste
1188 2137 1254 2174 uem
1267 2119 1310 2174 ais

130 2189 230 2244 Simon
247 2186 453 2252 Samaritanus,
476 2185 548 2265 scire
569 2186 681 2242 vellem.
716 2185 876 2258 Respondit
899 2193 995 2242 autem
1017 2187 1133 2242 Petrus:
1168 2136 1198 2244 Si
1231 2187 1311 2268 cupis

130 2257 253 2322 discere,
266 2255 336 2309 licet
348 2253 403 2308 tibi
420 2254 450 2306 id
466 2253 501 2308 ab
521 2254 557 2308 irs
575 2271 761 2325 cognoscere,
783 2273 801 2310 a
820 2255 921 2324 quibus
940 2262 969 2310 et
988 2273 1042 2328 ego
1061 2261 1164 2311 cuncta
1177 2257 1257 2311 illius
1270 2275 1312 2310 rn-

129 2324 240 2379 tellexi.
273 2323 448 2392 Vocatisque
469 2319 496 2374 A
515 2321 575 2375 uila
596 2327 625 2376 et
643 2321 748 2377 Nieeta
768 2323 914 2394 praecepit
939 2324 994 2392 eis,
1017 2329 1049 2377 ut
1069 2323 1139 2376 mihi
1160 2325 1256 2379 omnia
1276 2323 1313 2378 ad

130 2391 277 2447 Simonem
299 2389 474 2461 pertinentia
512 2389 649 2470 iligenter
670 2396 839 2445 enarrarent.
875 2390 915 2445 At
936 2391 981 2444 illi
998 2391 1092 2444 Deum
1113 2392 1259 2458 attestati,
1282 2408 1312 2445 se

129 2460 297 2514 nullatenus
314 2458 463 2512 averitate
480 2458 687 2525 declinaturos,
709 2457 784 2512 hunc
803 2458 834 2512 in
846 2459 959 2512 modum
974 2475 1020 2512 res
1037 2459 1097 2512 eius
1115 2464 1311 2528 exposuerunt.

129 2528 175 2582 Ac
191 2527 269 2598 prior
284 2525 390 2596 Aquila
408 2525 503 2596 coepit
521 2525 562 2580 ita
580 2525 687 2580 dicere:
713 2523 803 2592 Audi,
821 2525 966 2580 carissime
984 2525 1085 2591 frater,
1102 2531 1135 2578 ut
1152 2532 1184 2579 tu
1202 2543 1313 2596 quoque

130 2600 266 2651 accurate
279 2611 436 2665 cognoscas
449 2593 543 2648 omnia
554 2593 608 2646 viri
621 2593 709 2659 illius,
724 2593 871 2647 cuiusnam
884 2593 922 2646 sit
935 2598 965 2647 et
977 2592 1040 2662 quis
1050 2597 1079 2646 et
1088 2593 1174 2659 unde,
1189 2601 1219 2647 ct
1229 2610 1312 2664 quae-

131 2683 199 2719 nam
213 2663 271 2716 sint
284 2678 356 2732 quae
369 2660 449 2728 facit,
457 2666 492 2715 et
505 2679 559 2732 quo
571 2661 654 2714 modo
662 2677 808 2780 (puamque
824 2661 860 2715 ob
874 2677 995 2714 causam.

199 2730 294 2785 XXV.
330 2727 425 2783 Simon
441 2729 497 2782 iste
514 2735 594 2799 patre
611 2728 659 2798 qni
682 2745 726 2782 em
742 2727 881 2796 Antonio,
902 2733 991 2783 matre
1008 2744 1073 2782 vero
1093 2727 1219 2783 Rachele
1232 2733 1310 2783 ortus

130 2805 185 2866 est,
199 2799 317 2853 natione
330 2796 521 2851 Samaritanus
535 2813 569 2850 ex
582 2795 691 2850 Gitthis
704 2797 776 2864 vico,
791 2797 909 2867 quinon
920 2797 1012 2851 minus
1022 2813 1106 2867 quam
1117 2814 1166 2851 sex
1177 2795 1311 2851 schoenis

130 2867 168 2948 ab
180 2867 251 2922 urbe
265 2865 502 2944 Samaritanorum
515 2864 611 2944 distat.
647 2863 704 2944 Hie
721 2863 912 2920 Alexandriae
928 2864 1058 2947 Aegypti
1078 2871 1264 2920 commoratus
1273 2883 1312 2946 ‘ac

132 2951 268 3058 :aaut
270 2933 433 3056 aedilitia
438 2932 910 3055 elefantariensem
922 2951 1082 3072 tttttl
1086 2934 1313 3072 lillrlllliqit

134 3071 310 3141 superiorem
327 3068 405 3134 Deo,
426 3068 475 3138 qui
492 3073 584 3121 totum
601 3067 695 3121 orbem
714 3069 854 3140 produxit.
890 3068 1036 3124 Interdum
1048 3087 1113 3124 vero
1127 3087 1157 3124 se
1171 3068 1314 3124 Christum

134 3137 305 3210 significans
318 3135 448 3192 Stantem
460 3135 596 3207 appellat.
626 3135 752 3208 Eamque
768 3137 991 3208 appellationem
1002 3137 1158 3208 usurpavit,
1172 3138 1254 3208 quasi
1266 3137 1315 3208 qni

133 3324 162 3396 8)
188 3322 280 3392 πάσης
302 3327 366 3389 ΑΟ,
388 3327 464 3376 Hom.
488 3325 506 3375 l.
532 3341 552 3376 o.
577 3330 601 3375 et
621 3330 706 3376 nostra
749 3341 788 3392 ap.
802 3321 941 3394 Oct—4)
955 3329 1117 3394 σαμαραίων
1128 3329 1158 3376 A.
1175 3353 1209 3362 -
1226 3323 1253 3393 5)
1267 3327 1316 3391 τῆς

133 3396 206 3463 Epit.
227 3422 262 3430 -
283 3389 310 3461 9)
329 3395 422 3460 λαβεῖν
438 3396 469 3442 Δ.
487 3421 521 3429 -
538 3389 581 3460 10)
600 3388 707 3462 κόσμος
748 3388 956 3462 Α.-6)μάγων
968 3389 1149 3460 Ο.-7)εἶναι
1161 3409 1208 3443 orn.
1220 3395 1316 3444 Ac.-

131 3467 161 3514 A.
174 3490 210 3498 -
222 3457 267 3529 11)
279 3456 404 3532 ἥμαρτεν
416 3455 621 3542 κολασθήσεται
632 3463 662 3510 A.
672 3489 706 3498 -
748 3456 776 3528 8)
794 3455 914 3527 ἀνοτᾶτη
935 3460 1134 3521 sucurram.
1152 3461 1168 3510 l.
1186 3477 1215 3521 c,
1231 3466 1317 3526 nostra

132 3527 178 3597 12)
193 3525 316 3599 ἥμαρτεν
328 3535 363 3578 A·
383 3544 511 3579 omvoco.
527 3525 615 3580 odiri
635 3524 707 3587 αθὸς
749 3529 818 3595 Epit.
835 3532 860 3578 et
878 3529 910 3578 al.
932 3543 971 3594 ap⁴
993 3528 1046 3578 Cot.
1064 3554 1097 3563 -
1119 3523 1146 3596 9)
1169 3527 1221 3580 τοῦ
1240 3529 1315 3580 inser.

78 3649 82 3658 ,
134 3597 265 3650 ἐνταῦθα
275 3599 341 3668 περὶ
351 3567 390 3648 dv
399 3591 503 3714 ἥμαρτε
512 3545 643 3664 n—1S)
657 3595 706 3648 do·
749 3597 1168 3664 ABDc.Hom.etn0straEpit.
1203 3597 1317 3648 InGest

136 3666 396 3731 nriDpraepostere.
414 3691 441 3700 -
472 3658 501 3732 4)
515 3659 604 3716 τούτω
617 3667 646 3714 A.
750 3667 795 3717 καὶ
817 3660 903 3716 αὐτοῦ
924 3662 976 3716 τοῦ
997 3659 1079 3722 ὄντος
1102 3663 1172 3717 θεοῦ
1193 3665 1245 3716 τοῦ
1266 3660 1316 3716 τὸν

189 3733 250 3799 (lap.
263 3733 362 3784 XXIV.
382 3728 408 3799 1)
421 3732 461 3782 Ita
471 3732 576 3782 ABGD
590 3736 614 3782 et
623 3736 709 3783 nostra
739 3727 861 3800 ,κόσμον
902 3727 996 3786 πάντα
1030 3729 1248 3802 παραγαγόντος.
1283 3761 1317 3770 -

132 3801 214 3868 Epit,
232 3801 348 3868 λέγουσι
368 3801 436 3863 vulg.
452 3828 486 3836 —
506 3795 534 3868 2)
551 3800 593 3852 Sic
611 3799 709 3850 dedier
753 3797 797 3866 10)
810 3795 1008 3869 circumductor
1024 3803 1109 3851 ABD.
1144 3803 1253 3852 Miratur
1270 3802 1317 3852 (lo-

132 3871 215 3936 Cprn
232 3867 352 3918 mendoso
366 3867 418 3918 τοῦ
435 3869 503 3932 vulg.
523 3867 645 3918 etABD.
679 3868 710 3917 In
753 3867 867 3931 telerius,
880 3868 1066 3934 quodinnullo
1078 3870 1214 3936 exemplari
1224 3870 1319 3936 reperit

135 3938 215 3988 Hom.
227 3935 267 3997 Π,
283 3930 317 3984 18
333 3940 358 3984 et
375 3940 476 3986 nostrae
494 3935 563 4002 Epit.
583 3934 709 3986 codieev
753 3933 860 3988 ἑστῶτα
872 3940 929 3986 ante
942 3932 1158 4004 προσαγορεύει,
1180 3953 1253 4002 qnam
1275 3953 1317 3985 vo·
1411 3959 1416 3969 ·

137 4009 178 4057 est
191 3999 237 4065 τὸ,
256 4007 374 4054 neutrum
391 4003 418 4053 in
438 4005 466 4056 0.
483 4030 516 4040 -
537 3998 564 4069 3)
584 4005 669 4056 τίνων
681 4019 710 4054 τε
753 4019 806 4053 cem
828 4008 853 4054 et
873 4003 1029 4055 clementina
1049 4001 1094 4071 (H,
1106 4001 1151 4071 22)
1172 4004 1272 4064 habent,
1294 4008 1318 4052 ct

138 4076 185 4136 εἴη
198 4073 226 4122 0.
239 4098 274 4106 -
285 4071 313 4138 4)
327 4066 462 4140 πράττειν
473 4073 502 4120 A.
754 4071 884 4136 sequentia
893 4073 1029 4138 postulant,
1042 4073 1229 4136 Metaphrasten
1237 4069 1318 4134 ipsam

196 4140 257 4205 Cap.
280 4139 365 4190 XXV.
401 4135 415 4186 1
456 4139 498 4190 Sic
522 4137 667 4204 scripsimus
691 4153 711 4188 ο.
754 4155 806 4188 non
828 4139 981 4189 intellexisse
1007 4139 1145 4204 suspicans.
1180 4138 1268 4200 Neque
1291 4137 1318 4188 in

136 4206 390 4269 secunaum,
443 4205 628 4272 ,nostraEpit
641 4209 665 4254 et
679 4206 711 4255 al.
755 4210 841 4256 nostra
862 4207 945 4272 Epis,
969 4221 1014 4254 nec
1041 4205 1068 4254 in
1096 4203 1148 4252 ullo
1176 4208 1318 4255 nostrorum

138 4291 182 4341 ap.
197 4274 261 4336 Cot,
274 4269 325 4326 οὖν
342 4275 410 4337 vulg.
431 4301 466 4310 —
487 4268 515 4340 2)
535 4272 619 4330 ἔθνος
635 4274 711 4324 Hom.
757 4277 874 4338 quattuor
894 4272 970 4322 Godd.
991 4270 1106 4323 ἑστῶτα
1120 4270 1221 4333 legitur.
1257 4273 1318 4322 Fuit

134 4343 152 4392 l.
179 4356 215 4404 α,
242 4345 328 4391 nostra
347 4343 418 4407 Epit.
438 4345 462 4390 et
481 4341 514 4390 nl.
538 4357 578 4406 ap.
603 4341 657 4391 Cot.
677 4368 712 4378 -
755 4347 838 4390 tamen
853 4355 917 4392 man.
936 4356 974 4405 pr.
995 4339 1052 4388 istic
1068 4339 1096 4388 in
1111 4340 1133 4388 B
1149 4345 1318 4404 apparentque

134 4407 166 4476 3)
182 4408 297 4476 γητθῶν
316 4411 346 4472 Β,
365 4408 485 4475 Passer
502 4413 528 4458 et
545 4403 662 4473 Ρρτθών
680 4409 711 4458 nl.
755 4408 835 4457 adhuc
845 4407 973 4456 literarum
982 4406 1095 4469 vestigia,
1105 4409 1131 4456 et
1141 4406 1208 4454 clare
1219 4406 1318 4468 quidem
