3126 4894
571 303 727 390 armona
745 303 889 356 sarnus.
1252 289 1315 355 219

142 451 301 506 mercedem
321 449 469 517 stabilem,
482 449 710 520 quandoquidem
727 467 778 521 pro
793 449 987 506 universorum
1004 451 1097 508 saluts
1110 451 1243 508 maiorem
1256 471 1316 508 sus·

142 538 173 574 ce
195 519 245 572 isti
262 519 398 573 laborem.
433 516 515 571 Adeo
527 523 560 570 ut
573 517 597 570 si
613 518 696 572 multi
714 535 748 572 ex
760 517 896 572 fratribus
908 523 938 572 te
950 519 986 573 ob
1001 536 1159 590 supremam
1174 521 1314 576 iustitiam

142 606 157 642 o
188 605 205 641 o
217 586 380 652 habuerint,
392 601 489 639 eorum
501 585 615 654 quidem
628 585 724 639 odium
736 586 901 640 nullatenus
912 591 942 640 ιε
954 587 1060 653 laedet,
1070 587 1139 640 iusti
1151 593 1246 641 autem
1257 587 1315 642 Dei

141 654 271 710 amicitia
287 653 407 706 multum
427 652 483 706 tibi
500 651 648 706 conducet.
684 653 785 722 Itaque
802 653 893 707 nitere
914 654 1028 708 laudem
1045 655 1188 709 iniustitia
1225 661 1315 710 artam

141 722 304 792 depellere,
325 737 376 802 per
391 719 496 774 iustam
512 737 578 774 vero
600 720 877 776 administrationem
900 721 1006 776 sectari
1025 723 1126 776 utilem
1146 723 1195 776 lau
1216 740 1260 777 em
1280 739 1315 776 ex

141 789 207 845 Deo·
236 794 440 843 rovenrentem.

233 857 311 910 LVI.
346 855 427 910 Haec
445 860 474 908 et
491 853 550 909 alia
587 855 649 908 lura
666 872 730 908 cum
762 855 922 921 rotulisset,
939 873 1034 910 rancus
1047 856 1260 910 multitudinem
1272 856 1314 910 in-

141 932 225 979 tuens
239 925 326 977 dixit:
345 923 384 976 Et
395 940 462 977 vero
474 940 539 988 vos,
578 923 659 976 ilecti
671 923 728 977 mei
766 928 842 976 atres
855 928 884 976 et
897 924 1034 991 conservi,
1047 925 1172 994 praesidi
1183 925 1314 978 veritatis

141 994 171 1046 in
184 992 316 1046 omnihus
329 990 522 1045 obsecundata
533 989 605 1043 illud
615 990 749 1057 scientes,
763 990 839 1070 quod
851 991 899 1060 qui
910 991 986 1046 hunc
999 992 1221 1060 contristaverit,
1236 991 1315 1046 Chri-

141 1065 227 1126 stum,
243 1059 324 1114 euius
338 1057 501 1112 cathedram
513 1063 603 1124 tenet,
617 1075 674 1110 non
685 1063 808 1128 recep1t3
826 1063 855 1112 et
874 1060 922 1128 qui
935 1057 1078 1114 Christum
1094 1079 1153 1114 non
1163 1060 1313 1131 receperit,

141 1129 225 1249 quasi
238 1127 287 1198 qui
299 1127 413 1180 Patrem
428 1125 560 1180 reiecerit
575 1142 605 1179 re
626 1125 767 1193 utabitur3
786 1125 851 1180 ideo
863 1143 881 1180 a
893 1127 966 1182 bono
978 1145 1067 1199 regno
1085 1128 1223 1182 eiicietur.
1254 1127 1316 1192 Qua

162 1212 280 1250 ecausa
292 1195 321 1246 in
335 1192 465 1247 omnibus
479 1198 612 1247 conventr
633 1193 830 1252 usconvenire
848 1194 988 1266 satagite,
1005 1212 1041 1249 ne
1058 1196 1138 1250 velut
1155 1195 1314 1250 desertores

140 1280 193 1334 per
216 1261 395 1332 imperatoris
419 1261 593 1314 anxietatem
616 1261 730 1330 peccati
756 1261 888 1331 probrum
913 1261 1072 1332 accipIatis.
1107 1261 1218 1316 Idcirco
1247 1266 1315 1316 ante

142 1330 240 1386 omnia
253 1329 349 1384 cuncti
362 1344 434 1398 quae
451 1345 502 1397 pro
515 1327 577 1398 ipso
589 1327 699 1382 faciunt
712 1329 816 1382 sentite
829 1329 859 1380 id
871 1335 1093 1400 cognoscentes,
1110 1329 1185 1399 quod
1201 1346 1251 1399 pro
1272 1335 1316 1382 ter

140 1414 369 1467 unumquemque
388 1400 514 1449 vestrum
536 1395 666 1450 diabolus
685 1396 741 1466 ipsi
761 1397 815 1450 soli
834 1398 926 1477 magis
943 1397 1074 1450 inimicus
1094 1397 1202 1451 bellum
1220 1347 1315 1450 inihrt

141 1465 202 1520 Vos
216 1482 285 1536 ergo
298 1463 477 1528 contendite,
495 1463 525 1516 in
538 1479 631 1516 amore
649 1480 717 1534 erga
734 1463 826 1534 ipsum
843 1469 872 1516 et
889 1483 919 1518 ιιι
932 1469 1030 1518 mutua
1039 1463 1242 1517 benevolentia
1254 1479 1315 1534 per·

142 1549 280 1612 severare·
303 1532 386 1602 cique
407 1529 537 1598 obedire,
558 1536 590 1583 ut
609 1536 638 1585 et
657 1531 719 1601 ipse
738 1531 916 1599 sublevetur,
934 1537 963 1586 et
982 1549 1033 1585 vos
1053 1531 1171 1602 possitis
1193 1531 1313 1585 salutem

142 1617 230 1655 conse
251 1618 289 1653 ιιι.

211 1667 233 1722 C
262 1667 328 1721 VII.
364 1666 438 1730 Quin
452 1665 538 1720 etiam
550 1665 687 1720 nonnulla
699 1666 827 1734 exuvobis
840 1665 910 1736 ipsis
923 1665 1035 1720 debetis
1048 1665 1225 1746 intelligere,
1243 1680 1315 1745 quae

146 1735 208 1806 ipse
220 1734 374 1790 manifesto
387 1735 481 1788 dicere
493 1739 608 1813 propter
619 1733 740 1787 insidias
753 1751 810 1788 non
821 1734 925 1804 possit:
944 1733 1023 1788 verbi
1036 1733 1129 1805 gratia
1141 1751 1165 1786 ar
1178 1733 1265 1787 alicui
1278 1731 1316 1785 sit

142 1802 288 1869 infensus,
307 1819 343 1856 ne
357 1801 531 1872 exspectetis
548 1817 609 1870 rpse
628 1801 719 1854 dicat:
738 1801 783 1854 illi
799 1819 865 1856 vero
884 1801 974 1857 nolite
991 1802 1020 1854 in
1034 1801 1217 1864 'contentione
1230 1799 1315 1854 assis·

141 1876 212 1937 tere,
226 1870 279 1924 sed
290 1869 444 1940 prudenter
455 1868 539 1922 huius
556 1870 732 1923 voluntatem
745 1870 910 1939 sequimini,
927 1869 993 1924 odio
1010 1869 1149 1924 habentes
1167 1886 1236 1938 quos
1250 1867 1315 1922 odio

142 1937 337 2058 prosequitur,
356 1954 409 1990 nec
426 1937 576 2006 loquentes
593 1954 656 1990 cum
672 1935 708 1988 iis
726 1955 790 1991 cum
803 1937 907 2007 quibus
919 1955 976 1992 non
988 1937 1126 2006 loquitur,
1138 1942 1171 1990 ut
1183 1935 1315 2006 quilibet,

163 2024 209 2058 um
227 2005 325 2058 studet
341 2003 535 2058 universorum
552 2004 709 2059 amicitiam
727 2003 846 2072 habere,
866 2005 1070 2060 reconciliatus
1087 2005 1114 2059 ei
1138 2005 1233 2059 salvus
1253 2003 1315 2069 fiat,

144 2074 205 2128 eius
218 2073 357 2126 obediens
371 2071 500 2126 sermoni.
527 2071 609 2134 Quod
622 2072 645 2124 si
658 2072 721 2142 quis
734 2073 841 2126 amicus
853 2079 1017 2144 permaneat
1028 2073 1073 2126 his
1087 2090 1157 2143 quos
1170 2072 1231 2142 ipse
1244 2071 1315 2150 odit,

143 2147 172 2194 ει
190 2142 322 2210 loquatur
341 2157 404 2193 cum
423 2139 526 2219 quibus
544 2140 605 2210 ipse
622 2157 679 2194 non
698 2140 829 2207 disserit,
845 2159 918 2194 unus
931 2140 1017 2194 etiam
1029 2141 1091 2211 ipse
1104 2158 1198 2196 eorum
1210 2146 1255 2194 est
1268 2155 1316 2210 qur

143 2209 306 2262 Ecclesiam
319 2213 505 2262 extermrnare
519 2207 650 2277 cupiunt3
664 2225 778 2278 corpore
792 2207 866 2262 enim
876 2208 1022 2262 vobiscum
1032 2226 1158 2276 manens,
1172 2207 1317 2272 sententia

143 2281 240 2330 autem
256 2275 405 2329 vobiscum
423 2292 480 2328 non
498 2275 639 2342 existens,
659 2281 758 2330 contra
774 2292 825 2329 vos
844 2281 902 2342 est,
920 2277 1010 2330 multo
1026 2277 1106 2346 peior
1122 2276 1157 2328 iis
1175 2275 1224 2344 qui
1237 2282 1317 2329 extra

144 2341 255 2464 {inimici
273 2349 424 2413 apparent,
442 2343 547 2413 quippe
565 2343 693 2412 quicum
711 2349 864 2413 apparente
883 2343 1012 2397 amicitia
1029 2359 1078 2398 eos
1096 2343 1144 2412 qui
1162 2342 1237 2396 intra
1250 2348 1316 2396 sunt

164 2412 189 2464 is
213 2427 243 2464 er
265 2416 302 2465 at.

190 2430 235 2532 PC
263 2477 344 2534 VIII.
378 2475 475 2546 Atque
492 2477 537 2530 his
556 2478 641 2532 dictis
661 2478 690 2530 in
706 2476 800 2530 medio
819 2493 912 2530 coram
930 2475 1059 2530 omnibus
1071 2493 1170 2529 manus
1183 2475 1253 2528 mihi
1266 2476 1316 2530 imn

142 2563 254 2617 ponens
267 2546 297 2599 in
310 2563 360 2600 sua
373 2544 508 2600 cathedra
520 2547 619 2600 sedere
632 2563 676 2599 me
689 2545 903 2610 erubescentem
916 2542 1060 2613 compulit.
1086 2542 1212 2613 Cumque
1227 2543 1316 2597 sedis·

143 2631 218 2680 sem,
235 2613 290 2668 hoc
304 2613 402 2667 statim
414 2612 484 2665 mihi
498 2615 582 2666 dixit:
601 2613 683 2684 Rogo
696 2618 726 2666 te
739 2629 831 2664 coram
844 2611 973 2665 omnibus
986 2610 1168 2666 adstantibus
1181 2611 1316 2666 fratribus

143 2683 230 2749 meis,
247 2688 280 2734 ut
295 2687 361 2751 post
382 2698 446 2734 uam
459 2697 493 2734 ex
510 2681 578 2746 hac,
597 2679 831 2751 quemadmodum
847 2679 918 2732 mihi
934 2695 1053 2732 necesse
1067 2685 1126 2746 est,
1141 2679 1202 2733 vita
1214 2679 1316 2751 migra·
1365 2727 1370 2736 .

142 2767 225 2815 vero,
243 2749 349 2804 Iacobo
392 2748 447 2802 atri
458 2748 576 2802 Domini
594 2749 692 2802 mittas
705 2747 734 2800 in
747 2747 884 2816 epitome,
904 2747 1104 2816 describasque
1122 2747 1208 2800 etiam
1226 2761 1316 2815 usque

145 2817 184 2872 ad
196 2817 388 2889 cogitationes
400 2816 540 2886 pueritiae
553 2823 628 2883 tuae,
642 2822 671 2870 ει
684 2832 738 2895 quo
751 2814 834 2869 modo
847 2814 883 2868 ab
897 2813 980 2868 initio
992 2831 1082 2884 usque
1092 2831 1167 2868 nunc
1177 2831 1221 2868 me
1232 2813 1316 2868 comi-

143 2890 223 2938 tatus
236 2903 281 2951 es,
301 2883 476 2938 sermonibus
490 2901 506 2937 a
518 2900 562 2936 me
579 2901 630 2952 per
642 2884 775 2938 civitates
787 2882 960 2954 praedicatis
973 2887 1002 2936 et
1014 2882 1127 2936 actibus
1140 2881 1211 2936 meis
1224 2882 1316 2935 inten-

147 2952 232 3006 dens:
253 2951 356 3006 deinde
376 2951 405 3004 in
422 2949 478 3004 fine
497 2951 595 3004 mortis
612 2967 723 3021 quoque
739 2967 819 3005 meae
836 2950 1028 3016 occasionem,
1048 2951 1123 3004 sicut
1135 2949 1208 3018 dixi,
1223 2949 1316 3003 deela-

146 3036 210 3074 rare
227 3037 285 3074 non
300 3019 406 3090 pigeat.
442 3018 507 3072 Non
524 3019 598 3072 enirn
612 3036 645 3072 ea
656 3035 701 3072 res
718 3019 811 3088 ipsum
824 3018 1006 3073 contristabit
1019 3036 1151 3089 gnarum,
1171 3035 1215 3072 mc
1227 3017 1274 3088 pie
1287 3015 1317 3069 id

144 3087 332 3158 persolvisse,
354 3087 430 3156 quod
446 3085 559 3140 omnino
576 3086 687 3158 perpeti
709 3103 827 3140 necesse
849 3091 922 3140 erat:
947 3087 1069 3141 maxima
1088 3104 1153 3141 vero
1174 3084 1318 3142 afficietur

145 3155 356 3220 consolatione,
375 3171 438 3208 cum
451 3153 598 3220 didicerit,
618 3171 675 3208 non
687 3153 778 3206 virum
796 3153 968 3207 ineruditum
981 3171 1034 3208 nce
1048 3153 1226 3209 vivificorum
1237 3153 1317 3224 igna-

113 3237 119 3252 ·
143 3239 206 3276 rum
218 3239 376 3276 sermonum
384 3221 590 3290 Ecclesiaeque
599 3221 727 3292 regulam
736 3221 914 3274 nescientem
924 3221 1053 3274 docentis
1062 3222 1210 3292 accepisse
1221 3221 1317 3275 cathe-

145 3290 233 3344 dram.
257 3289 357 3360 Vagus
371 3288 445 3342 enim
459 3305 549 3342 sermo
561 3288 704 3342 audientis
716 3287 797 3357 vulgi
810 3287 919 3340 animas
932 3287 1077 3340 interimit.

212 3355 315 3410 CLlX.
349 3355 432 3410 Unde
451 3372 521 3426 ego,
542 3355 653 3410 domine
666 3355 704 3408 mi
716 3354 835 3419 Iacobo,
848 3353 893 3406 his
906 3353 942 3408 ab
956 3371 989 3407 eo
1003 3355 1087 3408 dictis
1099 3354 1247 3433 pollicitus
1260 3371 1317 3407 non

144 3425 267 3490 tardavi,
282 3425 357 3478 sicut
369 3423 463 3476 iussus
478 3433 557 3490 sum,¹
569 3441 702 3494 magnam
718 3426 828 3492 partem
847 3437 1003 3474 sermonum
1020 3439 1070 3490 per
1087 3421 1220 3475 civitates
1236 3420 1317 3474 habi-

143 3500 251 3558 torum,
271 3491 319 3561 qui
336 3491 392 3544 iam
408 3492 463 3546 tibi
481 3491 618 3561 descripti
636 3496 702 3544 sunt
718 3507 752 3544 ae
764 3505 814 3559 per
831 3488 923 3558 ipsum
938 3488 1032 3555 missi,
1050 3488 1176 3542 inlibris
1193 3487 1318 3542 breviter

144 3559 397 3630 comprehendero,
415 3559 496 3629 quasi
515 3558 661 3613 indicandi
679 3557 787 3630 gratia,
807 3555 905 3627 sicque
919 3556 956 3610 ad
967 3561 996 3610 te
1010 3556 1153 3611 destinare
1173 3557 1317 3611 Clementia

144 3629 274 3696 Epitome
281 3627 526 3696 praedicationum
540 3629 619 3680 Petri
630 3628 659 3680 ia
667 3625 938 3697 peregrinationibus
950 3623 1117 3679 inscribens.

196 3853 257 3918 Cap.
276 3853 352 3902 CLV.
388 3846 415 3917 l)
430 3849 559 3920 Χριστοῦ
570 3853 619 3918 Ep.
633 3851 709 3901 Clem.
752 3852 1022 3932 pqessumlnItprsvsi.
1040 3877 1074 3886 —
1094 3847 1119 3911 3>
1138 3849 1177 3916 sq]
1189 3843 1317 3982 yacrbqh

144 3921 220 3986 Hom.
233 3937 255 3970 ο.
268 3916 309 3970 16.
752 3937 804 3984 γαρ
818 3919 858 3986 τῷ
871 3920 902 3969 V.
917 3945 949 3952 -
961 3914 988 3999 4)
1000 3919 1046 3968 καὶ
1058 3917 1108 3968 des.
1120 3917 1147 3966 in
1160 3918 1191 3967 V.
1201 3944 1234 3952 -
1286 3915 1317 3964 In

196 4005 257 4070 oap.
279 4003 366 4052 onvr.
395 3999 421 4069 1)
447 4003 487 4052 na
503 4003 560 4065 rego
583 4017 639 4052 sum
659 4005 709 4069 xp.
754 3986 1035 4055 Orriusfuitrvrcc·

145 4067 399 4134 elem.110m.c.17,
417 4066 453 4121 δι’
472 4064 588 4122 ἑκάστου
605 4071 663 4121 OV.
678 4097 707 4105 -
805 4070 864 4136 Cap.
883 4069 996 4120 OLVHI.
1025 4063 1051 4133 1)
1074 4064 1158 4118 ταῦτα
1174 4063 1229 4134 μὲν
1241 4067 1271 4116 0.
1282 4092 1317 4102 -

145 4136 270 4198 2icricori
282 4141 311 4189 Ο.
752 4131 780 4202 2)
793 4135 823 4186 σὲ
836 4137 886 4185 des.
903 4137 930 4184 in
947 4137 976 4184 Ο.
992 4162 1027 4172 -
1048 4131 1074 4196 3)
1094 4128 1199 4191 πλάνος
1213 4137 1318 4198 uterque

197 4226 257 4290 Gap.
270 4223 372 4273 CLVH,
405 4219 429 4289 ι)
445 4217 476 4274 ,ὁ
491 4224 521 4273 γ,
540 4251 573 4257 -
588 4219 616 4281 2)
633 4221 673 4270 1„
685 4225 710 4270 et
752 4205 827 4253 Hom.
842 4203 901 4253 Cod.
914 4207 938 4252 et
954 4203 1010 4264 ΟΥ,
1024 4195 1133 4252 πλάνου
1145 4200 1252 4251 coniecit
1263 4201 1318 4263 cot,

146 4293 199 4342 Cot.
237 4290 286 4340 Sed
309 4307 355 4339 scr.
376 4292 455 4359 μένει
477 4306 532 4339 oum
556 4289 615 4340 (lod.
633 4289 709 4338 Hom.
805 4287 864 4352 Cap.
877 4287 965 4337 CLIX.
995 4281 1022 4352 1)
1036 4278 1109 4336 οὕτω
1123 4282 1238 4353 0.-2)
1253 4285 1318 4336 Sub·

146 4359 231 4410 ottob.
255 4359 284 4408 In
305 4363 391 4408 nostra
406 4360 481 4408 Hom.
500 4357 558 4408 odit.
579 4357 643 4407 male
663 4355 709 4406 im·
754 4353 867 4420 sequitur
885 4354 1020 4421 epigraphe
1039 4353 1117 4412 τέλος
1132 4353 1160 4405 in
1172 4354 1249 4406 codd.
1262 4354 1318 4412 OV.
