3162 4900
357 340 402 388 no
415 340 614 390 dannanus
628 339 709 390 non.
724 339 818 398 uuna
829 340 907 390 aaa.
919 341 1095 390 nonnms.
1248 324 1311 390 285

134 491 235 544 νοῦσιν
247 492 277 540 et
289 491 427 556 παραθεὶς
438 486 593 540 excidisse:
610 489 743 559 γνῶσιν
760 486 938 556 ἀληθείας,
958 504 1032 557 quae
1044 487 1133 542 verba
1166 487 1311 542 endebant

132 574 171 610 ex
183 558 312 626 ἐπιφέρει
326 560 356 606 et
369 553 452 606 simul
465 572 499 606 cx
513 561 657 626 παραθεὶς.
677 586 710 594 -
731 553 765 610 V.
779 555 796 606 9
809 572 861 624 ιη,
878 554 928 608 ubi
947 556 1102 608 secundum
1120 503 1210 610 liiros
1227 572 1310 608 mser.

132 623 242 677 editum
256 630 315 674 est:
329 624 377 691 τῆς
386 625 440 688 μὲν
450 617 500 677 οὖν
511 629 605 684 κακίας
617 620 674 677 ὑπὸ
687 625 736 690 τῆς
746 628 870 696 νομίμου
883 621 1011 693 γνώσεως
1020 629 1173 693 νικωμένης
1185 621 1312 696 πόλεμος

132 699 245 760 συνεῖχε
262 689 295 743 τὸ
312 693 381 752 πᾶν,
401 690 565 758 scrupulum
581 688 675 743 in‘icit
693 690 808 744 verbum
833 696 993 761 νικωμένης.
1029 689 1172 760 Coujiciat
1193 690 1310 760 aliquis:

132 762 379 836 νεικουμένης,
397 757 483 824 „dum
495 709 719 811 insectaisatur‘t
735 787 769 795 -
785 755 819 821 V,
836 757 867 808 14
879 775 948 828 sqq:
959 774 1033 828 quae
1050 757 1155 843 legitur
1169 756 1312 811 sententia

133 825 182 878 his
195 827 290 878 verbis
305 840 451 894 expressa:
471 829 495 879 εὶ
509 825 561 899 γὰρ
581 822 725 886 συνόντες,
741 821 813 897 μετά
829 826 880 878 τοῦ
896 827 986 896 μηδὲν
1003 825 1104 886 αὐτους
1118 823 1249 895 ὠφελεῖν,
1265 829 1310 880 καὶ

133 891 355 949 συναπώλλυντο
367 890 470 956 αὐτοῖς,
484 896 545 954 πως
557 891 590 948 οὗ
604 895 721 956 δίκαιον,
734 897 779 946 καὶ
786 894 965 1013 χωῖισθῆναι
979 891 1029 948 τὸν
1043 892 1181 956 σώζεσθαι
1192 896 1311 948 θέλοντα

131 959 259 1016 ἀπὸτοῦ
275 957 314 1034 μὴ
332 963 480 1022 θέλοντος,
502 964 714 1014 συναπολέσθαι
730 961 761 1015 δὲ
778 969 830 1029 βου
848 964 966 1034 ομένυυ,·
988 977 1086 1014 versus
1104 959 1192 1014 finem
1212 959 1312 1029 inepta

131 1028 251 1082 videtur
264 1043 335 1081 esse.
367 1025 460 1089 Quum
473 1027 562 1096 igitur
575 1027 665 1081 codex
678 1027 701 1080 Ο
715 1043 766 1095 pro
780 1030 811 1083 δὲ
822 1027 975 1096 praebeat:
988 1033 1041 1091 καὶ,
1054 1028 1120 1082 vide
1134 1043 1170 1080 an
1185 1025 1311 1081 scriben-

133 1096 206 1148 dum
219 1095 269 1148 sit:
284 1098 495 1150 συναπολέσθαι
508 1097 526 1148 d
531 1099 544 1151 ἐ
556 1098 690 1151 ἐκεῖνον
724 1099 886 1168 ουλομένου.

204 1163 235 1216 Ρ.
248 1161 308 1230 244,
320 1162 337 1214 3
349 1178 409 1232 sqq.
422 1161 494 1216 haec
506 1161 645 1218 habemus
659 1104 745 1216 verim
762 1161 807 1214 vix
825 1179 859 1216 ao
876 1177 912 1214 ne
930 1161 976 1214 vix
995 1162 1111 1232 quidem
1129 1177 1212 1214 sana:
1235 1167 1263 1216 οἱ
1280 1163 1312 1216 δὲ

132 1235 224 1286 ταῦτα
236 1227 403 1300 πάσχοντες,
422 1231 561 1291 ἐλεοῦντες
576 1228 677 1291 αι’-τοὺς
694 1227 749 1283 ὑπὸ
761 1228 874 1300 ἀγνοίας
885 1231 1130 1300 ἐνεδρευομένους,
1144 1229 1309 1296 διδασκαλίᾳ

132 1297 301 1384 ηρονῆσεως
312 1297 431 1390 ηὔχοντο
452 1297 523 1386 cipio
540 1300 596 1352 τῶν
609 1296 642 1352 τά
653 1295 720 1381 κακά
736 1295 837 1359 αὐτοὺς
848 1299 1036 1375 διαθεμένων,
1056 1295 1106 1363 τὴν
1122 1293 1241 1373 άγνμιαν
1259 1298 1310 1372 τοῦ

132 1361 1310 1510 {tittttss‘ttttttitttetigistitiittmnttitttittitistit

133 1508 182 1556 est
200 1499 346 1564 „miserati
364 1515 422 1562 eos,
435 1513 484 1568 qur
493 1499 563 1568 ipsis
574 1516 625 1569 per
633 1498 821 1567 ignorantiam
832 1497 1069 1550 insidiabantnr“.
1090 1495 1226 1550 Continet
1236 1495 1310 1550 enim

132 1571 198 1624 fere
209 1569 318 1633 cadom,
332 1583 403 1636 quae
416 1582 449 1619 ex
471 1565 610 1620 rimantur
620 1565 725 1620 verbis:
740 1564 790 1633 τὴν
801 1564 915 1636 άγνοιαν
927 1596 960 1603 -
971 1563 1170 1639 μεμαθηκότες.
1188 1563 1310 1628 Deinde,

132 1637 230 1690 minus
242 1640 310 1704 apta
323 1639 389 1687 sunt
398 1584 487 1688 veriia
497 1637 660 1704 διδασκαλίᾳ
668 1631 831 1706 φρονήσεως
844 1650 907 1685 cum
920 1633 1039 1702 ηὔχοντο
1050 1637 1221 1686 constructa.
1241 1630 1311 1684 eod.

134 1704 158 1758 0
169 1705 303 1774 praebet:
317 1703 452 1764 ἐλεῶντες,
464 1702 585 1764 ἑαυτοὺς.
600 1701 787 1756 Scribendum
798 1699 921 1754 videtur:
935 1704 1133 1771 ἐλέγχοντες
1144 1697 1244 1760 αὐτοὺς
1255 1697 1311 1754 ὑπὸ

132 1773 250 1844 ἀγνοίας
262 1773 495 1843 ἐνεδρευομένους
507 1772 671 1842 διδασκαλία
685 1767 856 1841 φρονήσεως,
872 1767 992 1838 ηὔχοντο
1007 1773 1083 1834 cett,
1100 1767 1126 1820 h.
1139 1783 1163 1820 e.
1180 1766 1311 1834 „convin-

135 1844 238 1894 centes
252 1855 301 1891 eos
315 1836 447 1892 doctrina
459 1837 629 1905 prudentiae
641 1855 693 1907 per
703 1836 892 1906 ignorantiam
905 1840 1068 1904 deceptos“.
1090 1834 1209 1888 Videtur
1217 1840 1312 1888 autem

136 1906 336 1978 ἐνεδρεύεσθαι
350 1905 436 1959 etiam
449 1903 504 1958 hoo
517 1905 581 1960 loco
595 1922 612 1958 a
624 1905 763 1974 scriptore
778 1904 966 1958 Humiliarum
976 1905 1089 1972 passivo
1102 1919 1188 1956 sensu
1196 1917 1312 1970 usurpa-

133 1982 197 2028 tum
210 1991 282 2028 esse.
295 2004 326 2014 -
339 1972 472 2041 Denique
485 1971 671 2028 adnotatione
684 1972 771 2042 digna
783 1979 827 2026 est
839 1971 960 2026 locutio:
974 1969 1007 2026 τά
1017 1969 1084 2026 κακά
1101 1968 1202 2031 αὑτοὺς
1219 1971 1310 2024 διατι-

133 2048 274 2116 θεμένων,
287 2045 406 2110 propter
417 2057 498 2092 usum
514 2040 608 2100 medii,
642 2042 700 2094 uod
711 2057 769 2094 non
782 2057 844 2094 esse
857 2039 1063 2093 admittendum
1076 2036 1311 2092 Hemsterhusius

135 2111 278 2164 censebat
293 2109 330 2162 ad
343 2107 616 2178 LucienNigrinC.
650 2107 787 2162 XXVIII.
805 2107 845 2160 At
857 2109 887 2160 in
898 2106 1031 2161 Homiliis
1043 2105 1114 2158 nihil
1127 2121 1190 2158 esse
1202 2109 1312 2157 mutan-

133 2178 213 2244 dum,
227 2183 345 2245 apparet
358 2192 391 2229 ex
411 2191 458 2240 ec,
473 2176 549 2246 quod
564 2177 662 2244 paullo
676 2176 751 2229 infra
763 2194 787 2227 v.
800 2175 817 2227 9
834 2177 890 2230 τῶν
902 2177 1108 2246 διατιθεμένων
1126 2189 1223 2226 rursus
1235 2171 1311 2226 inve·

133 2247 214 2298 nitur
229 2242 260 2296 in
278 2249 399 2313 utroque
417 2241 491 2295 libro
513 2260 596 2298 mser.
631 2245 785 2296 Praeterea
803 2260 829 2311 p.
845 2243 909 2304 277,
928 2243 959 2296 17
980 2249 1008 2296 et
1024 2259 1051 2309 p.
1068 2239 1127 2308 278,
1147 2243 1161 2292 1
1183 2239 1313 2293 similiter

134 2312 277 2381 scriptum
294 2311 415 2380 legitur:
435 2308 467 2363 τὰ
483 2313 594 2366 ἐναντία
611 2313 709 2366 διατιθ
748 2329 804 2366 ενοι
823 2308 937 2373 αὐτοὺς,
950 2309 1047 2377 paullo
1061 2313 1142 2369 ante,
1160 2325 1187 2375 p.
1199 2307 1258 2372 277,
1272 2309 1312 2373 12,

133 2378 281 2433 invenitur
293 2379 413 2432 locutio:
428 2380 467 2447 τῷ
480 2378 675 2452 διατιθεμένῳ.
710 2315 821 2440 t3233,
841 2377 874 2428 10
895 2383 953 2430 est:
972 2374 1022 2430 τὸν
1038 2374 1184 2446 πάσχοντα
1204 2380 1249 2428 καὶ
1263 2373 1313 2430 τὸν

133 2452 317 2519 διαθέμενον.
337 2477 372 2484 -
391 2443 426 2498 V.
444 2446 477 2499 16
494 2463 556 2518 sqq.
575 2446 683 2500 editum
700 2452 757 2499 est:
775 2442 821 2500 διὰ
840 2449 870 2498 τί
884 2440 935 2499 οὖν
954 2441 985 2497 τὸ
1003 2444 1057 2498 τῶν
1075 2441 1150 2497 ὅλων
1166 2447 1247 2511 γένος
1264 2441 1313 2496 οὐκ

134 2513 308 2586 ἠγαπήσατε,
322 2521 400 2584 εἴπερ
414 2515 512 2584 δικαίῳ
531 2513 693 2589 φρονήματι
711 2515 794 2568 τοῦτο
811 2519 906 2567 ποιεῖν
923 2513 1117 2572 &condienda
1134 2507 1189 2563 ἀλλ’
1210 2513 1251 2565 ἔτι
1267 2515 1313 2563 καὶ

134 2586 190 2640 νῦν
202 2585 302 2653 ἐρεῖτε·
318 2581 369 2650 οὐχ
381 2580 540 2656 ἑωράκαμεν
556 2581 647 2637 αὐτόν.
674 2580 715 2634 At
728 2579 898 2634 vocabulum
909 2577 995 2634 αὐτὸν
1006 2595 1063 2631 non
1076 2576 1173 2645 habet,
1186 2578 1223 2630 ad
1236 2577 1313 2698 quod

133 2650 289 2704 referatur.
324 2649 398 2704 Nam
418 2666 473 2703 vox
488 2655 570 2720 γένος
586 2648 714 2703 neutrius
734 2654 779 2701 est
795 2646 922 2717 generis,
943 2651 973 2700 et
996 2644 1176 2699 vehementer
1202 2645 1240 2697 du
1262 2646 1312 2710 ito,

134 2737 206 2772 num
219 2717 275 2772 hoo
288 2717 352 2774 loeo
366 2715 541 2773 constructio
551 2717 589 2770 ad
599 2733 722 2779 sensum,
736 2733 821 2785 quam
834 2721 946 2780 vocant,
959 2712 1137 2767 admittenda
1146 2711 1191 2766 sit.
1209 2713 1313 2782 Itaque

135 2784 241 2873 quovis
258 2784 381 2855 pignore
395 2785 602 2850 contenderim,
624 2783 761 2852 scriptum
778 2781 881 2836 fuisse:
899 2781 948 2836 διά
968 2789 996 2836 τί
1011 2777 1061 2834 οὖν
1080 2779 1179 2844 Θεόν,
1204 2779 1235 2834 τὸ
1258 2781 1313 2834 τῶν

135 2858 213 2910 ὅλων
229 2858 319 2925 γένος,
338 2853 388 2908 οὐκ
404 2853 446 2932 ἠγ.
465 2882 501 2890 -
520 2849 555 2904 V.
572 2853 605 2904 10
620 2868 683 2922 sqq.
701 2849 865 2920 recipienda
876 2850 943 2918 ierat
960 2847 1068 2904 codicis
1088 2846 1111 2902 Ο
1129 2846 1273 2917 scriptura
1284 2853 1313 2900 et

135 2939 191 2992 pro
206 2922 363 2991 πειρῶντας
375 2918 569 2972 scribendum:
585 2921 662 2974 ἐπει
692 2921 788 2974 ὦντο.

207 2987 239 3041 Ρ.
250 2989 309 3055 245,
326 2989 343 3041 ὃ
359 3005 420 3057 sqq.
438 2986 468 3038 in
484 2985 592 3039 verbis:
615 2985 647 3040 τὸ
669 2940 701 3044 ii
719 2985 794 3060 ὕδωρ
812 2985 862 3058 οὐχ
881 2985 936 3041 ὑπὸ
956 2981 1115 3056 πνεύματος
1132 2981 1185 3052 τὴν
1202 2988 1313 3052 κίνησιν

135 3062 205 3126 ἔχει,
219 3063 262 3112 καὶ
275 3054 307 3110 τὸ
320 3059 431 3128 πνεῦμα
442 3051 500 3108 άπὸ
514 3055 564 3108 τοῦ
576 3053 609 3109 τά
618 3052 869 3134 ὅλαπεποιηκάτος
883 3055 954 3112 Θεοῦ
966 3053 1016 3122 τὴν
1025 3052 1112 3124 ἀρχὴν
1120 3053 1167 3118 τῆς
1179 3050 1313 3112 ἐκτάσεως

140 3130 214 3198 ἔχει;
226 3123 294 3176 bina
306 3122 401 3176 inesse
414 3122 527 3185 menda,
541 3139 605 3176 cum
618 3121 762 3176 sententia
774 3137 838 3190 ipsa
851 3123 1028 3176 demonstrat
1039 3129 1100 3174 tum
1110 3121 1191 3174 locus
1203 3119 1312 3190 parilis,

136 3191 189 3263 qui
202 3196 246 3243 est
256 3191 355 3260 paullo
368 3190 444 3244 infra
455 3207 483 3258 p.
497 3188 555 3258 246,
568 3190 584 3244 6
595 3207 671 3274 sqq:
684 3193 739 3244 Καὶ
751 3191 802 3244 νῦν
815 3191 847 3243 δὲ
863 3190 893 3242 ἐκ
906 3191 961 3244 τῶν
973 3186 1100 3256 ἡττόνων
1111 3190 1251 3258 ἐπίγνωθι
1263 3187 1313 3255 τὴν

137 3262 196 3315 τῶν
209 3257 281 3314 ὅλων
299 3263 404 3323 αἰτίαν,
421 3255 606 3330 λογισάμενος
624 3259 668 3312 ὁτι
687 3255 720 3310 τά
732 3253 824 3311 πάντα
836 3252 867 3308 τὸ
887 3253 963 3326 ὕδωρ
977 3262 1061 3318 ποιεῖ,
1079 3253 1111 3309 τὸ
1124 3257 1155 3310 δὲ
1168 3254 1242 3326 ὕδωρ
1256 3251 1313 3308 ὑπὸ

135 3324 300 3397 πνεύματος
315 3325 455 3393 κινήσεως
466 3323 516 3393 τὴν
531 3330 643 3394 γένεσιν
657 3321 801 3397 λαμβάνει,
815 3320 847 3376 τὸ
866 3323 897 3376 δὲ
913 3324 984 3376 πνεῖν
1006 3343 1024 3375 α
1039 3320 1096 3376 ἀπὸ
1110 3323 1160 3374 τοῦ
1172 3323 1228 3375 τῶν
1239 3320 1313 3374 ὅλων

139 3397 213 3452 Θεοῦ
234 3391 284 3461 τὴν
299 3392 387 3465 ἀρχὴν
407 3394 471 3462 ἔχει.
506 3391 600 3445 Etiam
621 3389 740 3445 Rufinus
757 3389 909 3458 Recognit.
922 3388 970 3454 VI,
983 3343 1012 3440 i:
1034 3403 1127 3466 „aqua
1147 3393 1243 3442 autem
1260 3403 1313 3456 per

136 3461 268 3531 spiritum
287 3465 441 3516 movetur‘.
475 3460 515 3512 At
533 3458 607 3512 enim
626 3476 692 3514 vero
710 3474 767 3511 non
784 3463 843 3510 tam
859 3455 955 3525 agitur
968 3457 1003 3510 de
1016 3459 1154 3520 motione,
1172 3471 1259 3524 quam
1276 3455 1312 3508 de

135 3528 248 3597 origine
261 3545 363 3600 aquae.
397 3528 474 3598 Ergo
489 3527 670 3580 scribendum
691 3531 748 3579 est:
768 3523 825 3580 ὑπὸ
843 3522 1002 3597 πνεύματος
1020 3523 1070 3592 τὴν
1085 3527 1226 3591 γένεσιν
1247 3524 1312 3592 ἔχει.
1348 3564 1351 3574 ,

135 3597 293 3650 Praeterea
310 3596 423 3650 omnino
436 3612 493 3648 non
506 3593 609 3664 liquet,
625 3593 693 3665 quid
706 3592 761 3648 sibi
778 3591 847 3646 velit
864 3590 983 3644 locutio:
1003 3590 1053 3660 τὴν
1068 3587 1155 3660 ἀρχὴν
1168 3589 1218 3668 τῆς
1233 3588 1312 3644 ἐκτά-

138 3681 216 3726 σεως,
230 3665 287 3717 vel:
307 3663 469 3726 ἐκστάσεως,
482 3663 555 3715 haec
568 3661 642 3716 enim
655 3661 795 3730 scriptura
807 3665 852 3714 est
869 3657 976 3713 codicis
989 3655 1025 3726 0,
1043 3675 1061 3712 a
1072 3657 1220 3712 Dresselro
1232 3663 1310 3737 post·

137 3730 240 3784 habita
257 3731 312 3795 illi,
334 3749 418 3802 quam
436 3731 556 3799 praebet
575 3731 637 3783 cod.
656 3728 688 3782 Ο.
725 3726 883 3783 cotelerius
904 3726 1159 3806 interpretabatur:
1182 3725 1312 3795 „initium

138 3798 323 3865 exstantiae“,
347 3815 467 3870 eamque
483 3796 759 3866 interpretationem,
777 3798 839 3866 J'am
857 3811 909 3864 per
929 3813 960 3850 se
977 3803 1117 3865 meptam,
1138 3793 1311 3857 Dresselius,

139 3867 269 3936 quamvis
283 3865 436 3927 ἐκστάσεως
449 3871 654 3920 commutasset
663 3883 726 3918 cum
737 3863 878 3927 ἐκτάσεως,
890 3862 941 3917 reli
962 3863 1006 3915 uit
1015 3863 1161 3918 intactam.
1173 3861 1311 3940 Apparet,

139 3933 254 3988 omnino
269 3931 415 3986 sufficere:
435 3932 485 4001 τὴν
501 3932 598 4006 ἀρχὴν,
616 3933 801 4000 „originem“,
819 3932 897 4000 quod
916 3881 1007 3983 scium
1020 3933 1110 3986 altero
1124 3929 1312 3981 Hom1lrarum

138 4003 204 4054 loco
217 4001 381 4069 reperimus,
395 4006 424 4054 et
440 4001 509 4066 hoc,
527 4005 632 4080 dequo
650 3999 776 4068 agimus,
795 4014 895 4052 revera
915 3996 1006 4050 fuisse
1023 3999 1052 4050 in
1065 3994 1194 4064 exemplo
1207 3993 1311 4062 Rufini,

139 4069 297 4122 ostendunt
314 4068 402 4121 verba
418 4067 448 4120 in
466 4069 618 4137 Recogmt.
631 4068 649 4119 l.
667 4085 689 4120 c.
710 4065 844 4134 „spiritus
857 4071 952 4118 autem
965 4065 1049 4118 adeo
1068 4061 1180 4116 initium
1197 4060 1311 4115 habet.“

138 4135 250 4190 Eodem
263 4135 314 4188 illo
324 4135 513 4190 Homiliarum
528 4137 592 4190 loco
604 4152 690 4204 quum
699 4137 766 4202 post
780 4131 941 4204 corriperer
954 4131 1105 4184 habeatur:
1123 4129 1267 4196 κινήσεως,
1282 4133 1312 4182 et

139 4205 313 4258 vocabulum
337 4205 466 4265 ἔκστασις
484 4203 686 4272 „dimotionem
707 4217 723 4254 e
741 4201 836 4252 statu“
857 4195 1018 4268 significare
1036 4195 1134 4267 possit
1155 4195 1240 4250 facile
1261 4195 1311 4250 ali-

140 4273 206 4342 quis
221 4271 365 4340 conjiciat,
380 4272 467 4325 verba
481 4273 530 4339 τῆς
542 4267 694 4330 ἐκστάσεως
706 4267 837 4338 primitus
854 4271 920 4336 post
932 4264 1091 4338 antipater
1101 4267 1198 4334 posita
1212 4262 1311 4332 fuisse,

141 4338 182 4394 ita
193 4345 226 4392 ut
238 4340 329 4394 verba
343 4338 398 4394 ὑπὸ
416 4337 576 4410 πνεύματος
592 4340 639 4407 τῆς
655 4333 807 4396 ἐκστάσεως
825 4334 1027 4402 responderint
1043 4333 1137 4388 verbis
1151 4331 1208 4388 ὑπὸ
1224 4330 1311 4388 πνεύ-
