3162 4900
236 339 299 404 278
551 355 580 404 n.
597 352 797 404 wmsnnnur
807 353 995 404 ευυοοενο.
1012 353 1118 404 curri.

237 491 336 566 solius.
349 519 437 572 quum
451 499 622 556 vocabulum
635 503 796 558 καθεστῶσι
812 517 827 554 e
841 499 940 554 codice
954 498 978 554 0
991 500 1112 568 recepit,
1126 497 1245 554 difficile
1265 504 1309 554 cst
1327 499 1364 552 ad
1378 499 1420 552 in-

237 569 437 639 telligendum.
471 567 585 622 Etenim
606 573 711 638 aperte
736 574 900 637 corruptum
926 573 970 621 est
988 585 1036 621 ex:
1062 570 1264 623 καθιστῶστ.
1301 564 1371 620 cod.
1394 565 1419 620 0

238 635 339 690 habet:
361 637 545 699 καθεστᾶσιν,
571 637 647 706 quod
674 633 809 689 uSchwe
832 636 892 688 lero
913 643 992 689 recte
1009 641 1149 690 mutatum
1174 635 1216 688 in:
1241 636 1419 691 καθιστᾶσιν.

239 701 341 772 Supra,
354 721 382 772 p.
393 703 454 768 200,
466 704 483 756 3
495 703 657 758 Dressclius
675 701 784 758 codicis
837 703 892 756 scri
915 708 1006 756 turam
1019 705 1133 758 ἱστάσιν
1150 703 1287 771 praetulit
1299 701 1419 781 lectioni

237 775 369 834 imoimo,
390 788 474 841 quam
488 770 613 849 praebet
630 771 695 824 cod.
710 769 742 824 0.
762 770 841 824 iufra
853 787 879 837 p.
891 720 979 835 3509
1000 788 1052 840 pro
1064 770 1221 834 ἀνθεστώς,
1240 771 1318 839 quod
1332 777 1377 823 est
1389 787 1420 824 in

238 839 302 894 cod.
320 837 352 904 C,
373 855 409 892 ex
430 839 531 893 codice
553 835 577 890 0
596 837 721 907 recepit:
742 836 893 893 ἀνθιστῶν.
929 836 1006 918 Ergo
1029 837 1084 890 sibi
1102 855 1158 892 uou
1181 837 1311 892 constitit
1331 837 1419 891 homo

238 907 348 960 doctus.
383 904 537 974 Equidem,
557 921 720 975 quanquam
740 905 817 972 apud
835 903 911 958 hunc
931 909 1098 973 scriptorem
1116 905 1184 958 ferri
1197 923 1284 973 posse
1297 905 1420 958 formum

237 971 323 1028 λστάω
335 969 412 1026 haud
425 987 514 1040 nego,
531 979 639 1036 tamen,
652 973 703 1026 ubi
723 973 802 1040 optio
821 973 916 1038 datur,
934 971 1018 1026 alteri
1031 988 1095 1026 esse
1111 973 1343 1042 posthabendam
1361 973 1420 1028 exi-

238 1041 332 1094 stimo.
368 1039 401 1092 in
412 1039 488 1118 Epit.
500 1056 543 1108 pr.
554 1037 584 1092 O.
596 1038 641 1092 XI
653 1045 711 1094 est:
724 1041 908 1110 παριστῶσιν.

305 1106 336 1160 Ρ.
348 1107 431 1170 206,1
440 1112 567 1184 ineptum
577 1107 750 1160 vocobulum
763 1096 841 1162 οὗτοι
856 1107 902 1160 vix
913 1105 1045 1160 dubitare
1056 1106 1124 1160 licet
1135 1105 1204 1176 quin
1216 1113 1309 1161 ortum
1319 1107 1358 1160 sit
1368 1124 1420 1162 ex:

238 1171 295 1236 οὓς
315 1178 356 1227 οἱ.
390 1173 467 1242 Ergo
485 1191 514 1225 ru
534 1173 633 1228 codice
651 1172 673 1227 C
692 1174 795 1228 vocula
807 1180 835 1228 oi
851 1190 1001 1242 perperam
1014 1173 1059 1227 bis
1071 1182 1195 1231 exorata.
1230 1174 1419 1244 Legendum:

238 1247 312 1298 εέσλν
323 1243 362 1304 δέ,
376 1238 423 1302 οὓς
438 1245 466 1294 ολ
478 1242 610 1311 δαίμονες
622 1247 688 1295 cett.
698 1271 732 1282 -—
744 1241 779 1296 V.
792 1241 809 1294 4
822 1241 984 1294 Dresseiius
998 1241 1127 1310 scripsit:
1144 1248 1189 1296 καλ
1202 1241 1269 1302 τούς
1281 1246 1421 1315 δαίμονας

239 1311 313 1365 ciuus
323 1306 388 1370 τοὺς
408 1307 531 1369 πολλοὺς
542 1307 746 1371 λανθάνουσιν,
768 1327 819 1378 pro
834 1325 883 1375 eo,
905 1309 981 1378 quod
993 1316 1038 1362 cst
1050 1310 1078 1362 iu
1093 1309 1172 1364 libris
1186 1328 1283 1364 moon:
1307 1313 1421 1366 καὶτοῦ

239 1379 375 1438 δαίμονος
391 1375 437 1430 vel
458 1378 510 1431 τοῦ
530 1379 579 1430 δαέ
601 1397 672 1438 ονας.
707 1377 747 1429 At
764 1377 901 1430 articulus
921 1375 986 1436 τοὺς
1006 1376 1084 1429 nulio
1103 1384 1189 1445 pacto
1211 1385 1255 1431 est
1271 1378 1420 1432 ferendus.
1470 1395 1475 1399 ·

238 1443 396 1498 Praetereo
417 1445 536 1497 miretur
555 1462 573 1498 u
585 1444 674 1514 iquis‚
696 1444 874 1496 uullumdum
891 1441 1047 1498 offendisse
1064 1443 1093 1496 iu
1112 1445 1200 1498 verbo
1218 1443 1420 1500 λανθάνουσιν.

238 1511 451 1582 Exspectabam
465 1509 606 1567 λανθάνει.
642 1511 793 1581 Suspicor:
816 1519 860 1566 κιιλ
871 1509 996 1573 αὐτοὺς
1014 1514 1151 1583 δαίμονας
1162 1515 1233 1568 ελναι
1246 1513 1291 1566 vel
1304 1513 1341 1567 τὸ
1355 1515 1420 1567 δαί-

238 1599 329 1650 μονας
341 1581 409 1634 ελναι
425 1595 476 1638 (sc.
490 1581 619 1642 ἐκείνους,
633 1583 661 1634 οἳ
675 1588 733 1640 τοῖς
746 1581 861 1634 νοσοῦσι
876 1586 1027 1701 θεραπείας
1036 1579 1255 1640 συντάσσουσιν)
1267 1579 1333 1643 τοὺς
1346 1585 1420 1634 πολ-

238 1645 305 1707 λοὺς
317 1645 495 1702 λάνθανόν
507 1648 605 1702 ἐστιν
618 1647 655 1705 ih.
669 1663 693 1702 e.
707 1645 857 1709 λανθάνει).
869 1676 901 1686 -
948 1689 953 1698 .
973 1648 1005 1701 15
1018 1666 1031 1698 s
1054 1687 1060 1698 .
1074 1647 1181 1700 editum
1194 1647 1314 1716 legitur:
1329 1647 1419 1703 uriom

238 1712 295 1768 κατ’
309 1711 377 1782 όναρ
390 1713 497 1784 ὁμοίως
509 1711 604 1774 ἀλλοις
616 1713 768 1785 ὤφθησαν,
781 1721 827 1770 καὶ
840 1710 897 1768 όπα
927 1733 1148 1784 συναντησαντες
1158 1715 1287 1783 ἀλλήλοις
1298 1715 1374 1786 πρὸς
1386 1715 1419 1770 τό

237 1780 296 1835 κατ’
310 1778 377 1850 ὄναρ
390 1779 602 1849 ἀναβάλλοντες
614 1781 647 1836 οὐ
661 1779 869 1851 συνεφώνησαν.
895 1735 952 1837 §ed
964 1780 1036 1836 haec
1046 1784 1134 1836 verba
1147 1800 1240 1852 neque
1254 1784 1419 1838 sentcntiae

238 1863 331 1917 neque
346 1847 461 1916 linguae
475 1845 589 1916 legibus
602 1846 795 1901 satisfaciunt
819 1849 960 1917 Equidem
975 1865 1088 1918 censeo,
1106 1867 1157 1919 pro
1172 1849 1277 1924 ὁμοίως
1290 1849 1420 1904 scriben-

239 1915 307 1968 dum
320 1930 397 1967 esse:
417 1912 550 1986 ὅμοιοι,
568 1921 597 1968 et
614 1913 775 1984 ἀλλήλους
793 1932 859 1982 pro:
881 1915 1014 1985 ἀλληλοις.
1050 1917 1162 1970 Pendet
1174 1925 1270 1970 nutem
1283 1918 1420 1988 ἀλλήλους

239 1997 275 2036 cx
287 1980 504 2068 ἀντιράλλοντες.
517 2011 549 2020 -
563 1982 644 2045 Quae
658 1991 816 2052 sequuntur
826 1984 926 2047 verba,
945 1983 987 2036 sic
1000 1984 1133 2038 videntur
1146 2001 1210 2038 csse
1223 1986 1419 2040 restituenda:

240 2046 311 2104 ὥστε
324 2069 361 2102 ου
372 2048 438 2102 κατ’
452 2046 520 2116 όναρ
538 2055 612 2118 ipro:
631 2049 681 2104 σιἰκ
694 2054 735 2106 ἔτι
747 2048 824 2120 ὄναρ)
842 2049 991 2124 ἐπιφάνεια
1003 2051 1091 2108 ἐκεῖνό
1105 2056 1195 2116 ἐστιν,
1213 2053 1269 2108 ἀλλ’
1282 2051 1300 2122 ἢ
1313 2056 1418 2128 δαίμο-

238 2113 287 2177 νός
299 2113 402 2180 ἐστινῆ
415 2117 507 2184 ψυχῆς
518 2135 593 2172 τινα
605 2122 683 2186 (pr0:
696 2115 737 2182 τά)
752 2116 962 2192 ἐπιγεννήματα

306 2181 338 2234 P.
350 2181 410 2248 207,
424 2183 455 2236 11
470 2181 561 2255 σαφής
572 2183 744 2252 typothetae
757 2201 853 2238 errore
867 2191 1014 2240 excretum
1027 2193 1072 2239 est
1084 2203 1153 2254 pro:
1172 2194 1266 2260 σαᾳές.
1285 2219 1318 2228 -
1336 2188 1370 2243 V.
1385 2188 1421 2242 14

238 2248 350 2319 nequis
360 2250 617 2319 obtemperandum
628 2267 692 2305 esse
704 2251 837 2322 opinetur
847 2252 1040 2322 Schweglero,
1051 2254 1184 2307 conserat.
1194 2257 1279 2310 modo
1290 2257 1385 2326 ρ.209,
1393 2255 1419 2310 8.

306 2316 338 2370 Ρ.
352 2317 456 2383 208,17
475 2317 582 2372 nollem
599 2320 708 2373 intacta
724 2320 826 2374 relicta
843 2327 921 2374 esset
938 2321 1041 2374 forma:
1064 2321 1277 2404 συγκρόβουσιν.
1311 2323 1344 2377 Ρ.
1356 2324 1419 2392 365,

239 2384 272 2438 11
286 2400 336 2454 sq.‚
350 2385 400 2439 ubi
414 2384 477 2439 cod.
491 2383 513 2438 C
526 2387 602 2454 porri
625 2385 663 2439 it:
680 2387 849 2461 ἀπέκρυβον,
864 2389 1029 2442 Dresseiius
1046 2404 1061 2440 e
1080 2390 1179 2444 codice
1193 2391 1216 2445 0
1234 2395 1314 2444 recte
1332 2407 1417 2462 repo·

240 2452 313 2506 suit:
326 2453 516 2526 ἀπέκρυπτον.
535 2451 592 2506 efr.
633 2455 734 2508 obeck.
747 2457 785 2509 ud
798 2454 956 2525 Phrynich.
970 2473 997 2524 p.
1009 2455 1059 2508 317
1073 2474 1114 2527 sq.

305 2519 337 2572 Ρ.
349 2521 399 2573 209
420 2520 478 2574 3in
491 2521 649 2576 locutione:
669 2521 704 2577 δι’
719 2525 801 2578 ἐνιῶν
815 2525 956 2589 ἐπινοιῶν,
974 2523 1144 2577 vocabulum
1161 2527 1245 2582 ἐντῶν
1263 2541 1300 2579 au
1313 2543 1418 2580 sanum

238 2602 297 2640 nou
310 2586 348 2639 sit
361 2561 471 2642 duirito.
496 2587 641 2658 conjicio:
655 2592 765 2647 ἐνεῶν.
785 2589 843 2645 cfr.
857 2608 917 2645 voc.
928 2589 1079 2661 ἐνεόηριον.

306 2653 338 2707 Ρ.
350 2654 410 2722 210,
422 2655 439 2708 2
451 2673 492 2726 sq.
513 2673 613 2726 parum
631 2664 700 2728 apto
717 2657 786 2710 mihi
802 2660 937 2712 videntur
956 2658 1058 2711 verbe:
1078 2660 1192 2731 ἐπείγε,
1210 2665 1345 2729 corrupta
1356 2661 1417 2729 ilia,

239 2725 273 2774 ut
291 2720 402 2789 opinor,
424 2739 473 2776 ex:
492 2726 550 2779 ἐπὶ
570 2727 613 2780 δὲ.
630 2756 664 2766 -
680 2726 715 2778 V.
726 2723 745 2776 4
756 2744 819 2798 sqq.
833 2725 942 2780 mireris
960 2725 1136 2779 uullumdum
1151 2728 1186 2780 de
1199 2729 1304 2782 mendo
1317 2737 1418 2796 postu·

239 2787 345 2842 lavisse
358 2789 447 2843 verba
457 2789 579 2846 haecce:
595 2823 626 2832 -
645 2793 700 2847 ἀλλ’
714 2793 794 2848 αὐτοὶ
804 2800 902 2869 μηκέτι,
913 2792 1120 2868 ἁμαρτάνοντες
1131 2800 1175 2848 καλ
1191 2797 1251 2864 Θεῷ
1268 2795 1418 2851 ἀνενδοιά-

240 2873 314 2916 στας
334 2855 519 2919 πιστεύοντες
540 2857 573 2913 τά
594 2859 685 2914 ἀλλων
704 2861 772 2915 κακά
790 2860 934 2934 πνεύματα
956 2866 1001 2914 καλ
1017 2860 1152 2931 δαιμόνια
1167 2861 1278 2933 χαλεπά
1290 2861 1344 2918 σὺν
1357 2871 1419 2925 τοῖς

239 2922 344 2982 δεινοῖς
354 2923 478 2980 πάθεσιν
489 2925 648 2982 ἀπελάσετε.
659 2929 749 2982 ἐνίοτε
758 2930 790 2984 δέ
800 2928 893 3001 μόνον
905 2930 1057 2984 ἐνιδόντων
1070 2927 1149 3002 ὑμῶν
1160 2929 1320 3001 φεύξονται.
1334 2938 1418 2986 ἴσασι

237 2986 294 3070 γάρ
303 2987 369 3049 τοὺς
384 2989 601 3053 ἀποδεδωκότος
616 2993 732 3055 ἑαυτοὺς
750 2997 790 3065 τῷ
809 2999 876 3064 Θεῷ.
895 2995 940 3052 διὸ
954 2999 1090 3071 τιμῶντες
1102 2996 1206 3058 αὐτοὺς
1218 3004 1417 3069 πειγοβημένοι

239 3071 403 3174 Ϊιευγουσιν,
418 3056 512 3130 ὥσπερ
525 3061 605 3130 ἐχθές
616 3059 759 3127 ἑωράκατε,
775 3066 835 3125 πῶς
847 3066 917 3136 ἐμοῦ
928 3064 1105 3136 ἀναθεμένου
1116 3063 1187 3136 μετὰ
1205 3065 1257 3132 τὴν
1269 3085 1417 3136 προσομι-

256 3127 308 3202 laq
320 3119 453 3182 εὔξασθαι
471 3124 541 3196 ὑπὲρ
560 3127 615 3180 τῶν
631 3127 800 3196 πασχόντων
815 3130 884 3186 αὐτά
900 3131 933 3185 τά
951 3129 1042 3198 πάθη,
1062 3134 1095 3206 τῇ
1112 3131 1184 3199 πρὸς
1200 3131 1251 3198 τὴν
1261 3142 1419 3202 θρησκείαν

241 3209 307 3268 pipp
322 3187 485 3268 ἀνέκραγεν,
503 3200 633 3262 βραχεῖαν
650 3193 724 3267 ὥραν
741 3201 833 3258 στέξαι
844 3197 884 3278 μὴ
902 3201 1068 3266 δυνηθέντα.
1103 3200 1136 3252 In
1155 3201 1317 3265 enuntiato,
1337 3203 1415 3271 quod

239 3262 343 3325 rucrprt
355 3272 373 3309 a
385 3257 525 3312 vocabulo
543 3263 645 3326 ἐνίοτε,
666 3263 808 3317 excidisse
827 3267 939 3318 videtur
956 3266 1118 3335 subjectum
1136 3267 1286 3320 masculini
1299 3269 1418 3336 generis

240 3324 428 3394 ejusdemque
441 3323 660 3394 significationis
673 3338 760 3400 atque
777 3349 844 3399 prae
868 3349 947 3386 ressa
965 3334 1064 3387 verba:
1087 3332 1120 3388 τά
1130 3333 1199 3388 κακά
1211 3335 1358 3409 πνεύματα
1371 3344 1419 3392 καλ

240 3389 376 3464 δαιμόνια
391 3391 509 3460 χαλεπά.
543 3394 622 3464 Ergo
643 3397 825 3451 scribendum
846 3351 942 3452 {icem
967 3403 1056 3455 ἐνίοτε
1080 3403 1111 3455 δὲ
1133 3403 1302 3475 δαίμονες
1321 3403 1419 3477 μόνον

241 3461 307 3510 cett„
331 3455 433 3536 ιΡοτνο,
448 3459 564 3536 ‘ciorum
594 3469 650 3528 est,
671 3471 817 3533 postrema
839 3467 927 3520 rerba
949 3467 1081 3537 flugitare
1100 3469 1261 3536 subjectum
1282 3471 1418 3524 neutrius

239 3540 354 3592 genens
372 3525 456 3577 srmrir
473 3529 634 3595 praeditum
651 3533 777 3586 notione.
813 3533 966 3588 Praeterea
983 3537 1076 3588 minus
1094 3544 1193 3614 aptum
1205 3537 1325 3590 verbum
1337 3539 1417 3603 αὐτά,

239 3593 318 3712 γοοδ
340 3596 465 3644 estante
483 3594 516 3650 τά
533 3598 618 3666 πάθη.
653 3599 757 3670 Itaque
774 3601 816 3653 sic
833 3601 895 3653 fere
916 3602 1053 3670 scriptum
1074 3602 1164 3656 fuisse
1182 3603 1321 3659 arbitror:
1346 3609 1416 3670 πῶς,

252 3660 310 3738 pori
322 3655 498 3740 ἀναθεμένου
510 3693 542 3702 —
554 3664 732 3786 πασγόντων,
755 3666 793 3722 τὰ
811 3665 988 3737 πνεύματα
1010 3668 1047 3722 τά
1063 3669 1259 3736 ποιήσαντα
1278 3671 1312 3726 τά
1333 3672 1417 3742 πάθη

237 3727 1417 3870 νριιεεεε...ῖαλενα.νειλλνανιυειλααα’ὰνννν

235 3858 334 3938 judice
354 3858 481 3940 dupitcri
493 3865 600 3942 nequit
635 3867 675 3919 At
692 3819 786 3936 priore
799 3869 850 3922 ilic
868 3886 925 3923 nou
943 3887 1007 3923 esse
1020 3871 1133 3924 omnino
1152 3847 1234 3942 opus,
1253 3823 1419 3930 cirrituclnrirlii

238 3925 350 3994 aliquis,
363 3941 413 4012 qur
424 3937 585 4009 npemrnerrt
597 3933 733 4002 locorum,
746 3936 845 4004 quoles
858 3943 925 3990 sunt
940 3955 966 4006 p.
978 3939 1036 4000 226,
1050 3939 1082 3990 11
1096 3956 1172 4009 sqq.:
1192 3939 1267 4009 πλὴν
1283 3947 1308 3996 ελ
1325 3941 1419 4006 ὄντας

239 3993 351 4075 ἔμμνοα
368 4011 401 4060 ην
420 3995 625 4076 ζαμεβόσματα
642 3999 728 4072 ὑμῶν,
745 4002 792 4074 ἀφ’
807 4006 912 4060 ἑαυτῶν
922 4003 957 4060 ἀν
968 4007 1092 4070 ἐκινεῖτο,
1132 4006 1207 4076 ωνὴν
1218 4007 1253 4064 ἂν
1265 4009 1347 4081 εἶχεν,
1362 4009 1419 4078 τὴν

239 4057 274 4107 θ’
296 4060 391 4139 ξ’ὗΐθῖς
415 4081 537 4145 αθαχνην
554 4065 699 4122 ἀπεσείετο
718 4076 785 4122 cett.
805 4073 856 4126 νῦν
881 4073 912 4126 δέ
935 4071 1043 4127 τούτων
1066 4027 1150 4130 nosris
1176 4077 1326 4142 ποιοῦσιν,
1355 4077 1416 4132 ἀλλ’

240 4125 380 4178 καταδικοι
391 4131 464 4208 ,μγλ
479 4135 598 4212 μάλιστα
615 4137 644 4185 οἱ
663 4134 822 4206 τιμιώτεροι
841 4137 947 4200 αὐτῶν,
970 4143 1160 4212 φρουροῦνται
1174 4149 1247 4208 cett„
1266 4150 1296 4196 et
1313 4161 1340 4213 p.
1353 4145 1418 4213 227,

240 4183 274 4234 13
286 4203 366 4271 &lq-2
378 4211 448 4276 auru
464 4195 513 4260 (sc.
527 4217 608 4278 υμων
618 4198 651 4252 τά
662 4201 810 4274 ἱδρύματα)
826 4204 878 4276 γάρ
891 4205 974 4262 οὐδὲν
986 4207 1127 4279 δυνάμενα
1143 4207 1229 4266 οὐδὲν
1242 4221 1328 4268 ποιεῖ.
1351 4215 1418 4269 ἐπεὶ

241 4256 337 4330 “fua“
354 4275 433 4324 tith
456 4266 485 4312 τί
499 4264 668 4330 διοικουσιν,
687 4274 717 4320 τέ
735 4273 849 4324 ποιοῦσι
870 4275 1009 4335 τοιοῦτον,
1031 4274 1135 4332 ὁποῖόν
1153 4298 1180 4330 τι.
1199 4277 1308 4336 οἱκατὰ
1320 4279 1418 4338 τόπον

240 4315 406 4384 Ψθῦμένῡυ
425 4329 454 4374 τέ
469 4327 499 4380 δέ
512 4329 654 4396 ἐνεργοῦσι
669 4335 813 4400 τοιοῦτον,
835 4336 940 4394 ὁποῖον
957 4345 985 4395 οἱ
997 4345 1049 4396 τοῦ
1064 4345 1136 4400 Θεοῦ
1146 4343 1275 4417 ἀστέρες,
1295 4353 1320 4402 ελ
1331 4347 1373 4420 μή
1387 4372 1417 4404 τι
