3162 4900
246 325 310 390 284
549 341 1110 394 rwmsaasarnoromrromrr.

247 490 293 545 διὸ
311 489 376 546 οὔτε
393 496 478 562 νέφη
496 489 562 552 τοὺς
579 488 602 544 ό.
615 487 675 543 cfr.
687 509 714 560 p.
726 489 785 556 228,
803 491 831 541 l:
850 487 945 557 ὥσπερ
958 487 991 543 τὰ
1003 493 1074 558 νέφη
1094 487 1190 548 ὑετοὺς
1202 493 1291 559 φέρει.
1327 486 1425 540 Voca-

246 558 346 611 bulum
359 563 461 630 νεφέλη
479 557 605 627 propius,
619 557 732 637 opinor²
748 555 862 610 accedit
874 557 910 610 ad
923 557 1069 609 literarum
1082 559 1205 621 tractus,
1224 556 1272 626 qui
1291 555 1320 606 in
1340 554 1425 607 libris

248 643 331 680 mser.
344 625 571 694 reperiuntur.—
582 623 617 676 V.
626 626 667 690 10,
681 625 730 677 ubi
743 641 812 678 sana
823 641 880 676 non
893 629 960 676 sunt
970 623 1070 676 verba:
1085 621 1099 675 ὁ
1113 621 1162 691 ἀὴρ
1174 625 1261 696 θυμῷ
1274 621 1426 676 όπεκκαιό-

246 713 333 767 μενος
345 692 416 766 πρὸς
427 691 553 766 λοιμώδη
566 697 667 762 πρᾶξιν
677 691 885 765 μεταβάλλεται,
907 709 958 760 pro
973 693 1074 762 πρᾶξιν
1086 707 1170 757 posse
1188 697 1221 742 ut
1238 689 1424 743 scribendum

248 761 298 814 sit:
309 764 416 834 κρᾶσιν,
430 760 515 815 etiam
528 759 596 812 mihi
608 759 638 812 in
651 767 774 813 mentem
788 757 879 825 venit3
892 759 943 812 sed
956 757 1133 827 probabilius
1147 757 1258 811 forsan:
1272 755 1424 829 τάραξιν.

247 827 410 882 Memineris
423 828 522 893 velim,
539 826 665 881 medicos
678 825 790 899 τάραξιν
804 827 910 879 dixisse
930 825 1075 880 oculorum
1094 823 1423 878 inflammationem.

314 895 346 950 P.
357 895 417 960 237,
428 897 446 950 5
458 895 623 964 recipienda
634 901 697 948 erat
709 895 817 947 codicis
831 893 854 946 Ο
868 894 1021 962 scriptura:
1035 890 1187 964 λπᾴσομεν.
1198 922 1229 930 -
1242 892 1276 946 V.
1289 891 1307 943 8
1318 893 1423 959 procul

247 962 334 1046 dubio
347 968 414 1031 post
428 964 488 1032 Θεῷ
499 962 648 1016 addendus
662 968 707 1016 est
719 961 857 1016 articulus
871 959 895 1028 ἡ.
913 990 946 999 -
964 959 999 1015 V.
1019 961 1050 1014 17
1068 959 1245 1028 scripserim:
1268 968 1325 1024 ναί,
1339 965 1423 1030 φημί,

248 1035 451 1180 awlgl‘ffitd.
457 1112 518 1166 sqq.
532 1096 685 1166 legendum
697 1095 786 1150 duco:
804 1096 890 1170 ταύτῃ
903 1094 973 1168 αὐτῇ
985 1097 1019 1170 τῇ
1030 1095 1083 1167 μιᾷ
1094 1100 1139 1148 καὶ
1155 1095 1313 1164 άσυγκρλτῳ
1332 1092 1425 1168 ἁμαρ-

247 1171 293 1252 τλφ
307 1167 397 1233 φυχῆς
409 1162 527 1236 ὀλεθρον
538 1163 709 1236 ὀφείλοντες,
733 1165 774 1232 τῷ
790 1164 891 1231 ἀληθεῖ
901 1161 947 1218 ἐὰν
958 1160 997 1232 μὴ
1011 1165 1185 1234 turpatum&
1207 1162 1245 1216 οὐ
1257 1160 1324 1232 γάρ,
1344 1167 1427 1222 εἴτις

248 1253 264 1285 v
278 1253 350 1352 0ςῇ
359 1238 558 1364 λόλλῗέαόλοᾱαε
571 1296 639 1362 fere,
653 1296 835 1350 scribendum
849 1313 925 1350 esse:
944 1295 977 1351 τά
988 1294 1064 1364 ἀλση.
1077 1327 1110 1335 -
1122 1295 1186 1374 V36
1199 1313 1267 1374 sca:
1285 1299 1377 1367 ποιᾷ.
1390 1329 1425 1335 -

247 1365 282 1420 V.
294 1367 310 1419 ’λ
324 1367 423 1419 dubito
442 1381 509 1417 num
527 1372 667 1438 ποταμοῖς
684 1364 838 1433 genuinum
855 1363 899 1418 sit.
937 1364 1038 1433 Neque
1057 1365 1131 1416 enim
1145 1361 1309 1432 significare
1322 1369 1424 1432 potest

247 1436 278 1488 ἐν
291 1441 440 1512 ποταμοῖςε
455 1433 552 1552 ,δίαιτα
564 1431 693 1486 fluvios“.
729 1429 858 1550 Condicio
878 1431 1059 1484 scribendum
1074 1447 1150 1484 esse:
1168 1434 1197 1486 ἐν
1216 1437 1385 1504 ποταμίαν
1395 1453 1422 1492 ς,

247 1500 458 1571 „regionibusa
489 1499 592 1552 flumen
601 1499 689 1552 sitis“.
700 1497 774 1551 -V.
809 1498 908 1552 verba:
920 1497 1041 1553 ἀπόνοια
1051 1496 1201 1570 δαιμόνων,
1215 1498 1313 1551 vitium
1325 1498 1426 1552 viden-

246 1574 294 1620 tur
307 1567 490 1622 contraxisse.
527 1565 714 1620 scribendum
729 1565 830 1634 opinor
845 1571 907 1619 aut:
930 1564 1191 1640 δαιμονῶντων,
1214 1573 1276 1619 aut:
1295 1569 1425 1639 ιλαιμο-

247 1641 331 1690 νικῶ
337 1655 361 1690 ν.
378 1665 411 1672 -
432 1634 467 1688 V.
484 1635 501 1687 9
518 1635 627 1688 locutio
645 1636 747 1703 τριχῶν
763 1633 847 1706 κόμαι
865 1634 936 1688 mira
953 1641 997 1688 est
1014 1639 1044 1686 et
1061 1633 1161 1702 procul
1179 1633 1266 1686 dubio
1280 1641 1425 1702 corrupta.

246 1701 302 1756 Vix
315 1703 512 1767 dubitandum,
546 1701 595 1753 uin
608 1701 643 1754 de
648 1701 812 1779 jactatione
823 1717 920 1754 comae
932 1700 1073 1769 fanaticis,
1086 1706 1118 1754 ut
1129 1707 1228 1755 notum
1240 1707 1293 1767 est,
1306 1700 1425 1769 propria

216 1807 222 1818 .
246 1785 337 1823 sermo
350 1769 445 1822 fuerit.
480 1769 513 1820 In
554 1775 676 1838 ecognrt.
689 1766 724 1835 V,
736 1769 768 1820 31
783 1774 838 1821 cst:
856 1770 1005 1834 „mulieres
1023 1769 1129 1850 sparsis
1147 1768 1275 1822 crinibus
1292 1767 1426 1822 furibun-

247 1837 302 1890 dae
311 1838 483 1907 Jactantur“.
518 1835 725 1904 Reponendum
745 1834 843 1903 igitur:
867 1838 969 1905 τριχῶν
988 1840 1117 1891 κλονοι,
1141 1834 1228 1904 Apud
1245 1835 1427 1904 Hesychium

246 1903 346 1966 κλόνος
367 1904 442 1956 idem
468 1919 532 1956 esse
553 1901 676 1956 traditur
702 1904 777 1971 quod
799 1903 920 1975 σεισμός.
940 1902 998 1956 Cir.
1020 1903 1130 1957 Theod.
1150 1903 1237 1958 Prod.
1258 1923 1286 1972 p.
1308 1903 1360 1956 313
1379 1906 1426 1957 ed.

246 1971 376 2026 Jacobs:
397 1971 415 2023 8
434 1969 533 2031 κλόνος
549 1967 752 2037 tristatarum
766 1976 980 2042 κατεστορεσθη.
995 2001 1025 2010 -
1044 1969 1079 2024 V.
1093 1971 1123 2022 11
1138 1970 1208 2024 haec
1222 1973 1330 2039 scripta
1343 1988 1425 2038 repe-

246 2037 348 2092 rimus:
368 2038 445 2099 ὅπως
458 2037 505 2099 τὰς
517 2036 622 2110 ὖμῶνό
649 2040 792 2106 ειλομένας
804 2036 884 2106 εὐχὰς
895 2038 1127 2109 καὶεάχαριστίας
1142 2044 1187 2092 καὶ
1204 2041 1309 2110 νεκρῶν
1326 2059 1425 2110 νεκρο-

248 2111 339 2176 τεροις
362 2110 573 2175 προσενέγκητε.
636 2103 788 2158 ocabulum
817 2103 831 2158 ὑ
856 2107 896 2160 ὠν
927 2107 1047 2160 debetur
1074 2103 1272 2176 Schwegler03
1300 2112 1366 2158 uter
1389 2123 1427 2159 ue

246 2175 350 2227 codex:
362 2177 462 2229 αὐτῶν.
498 2171 568 2235 Quis
581 2172 758 2238 nonvideat‚
777 2126 956 2226 serillendum
975 2189 1053 2226 esse:
1073 2175 1117 2242 τῷ
1131 2177 1213 2242 Θεῷ,
1232 2175 1276 2227 vel
1289 2173 1382 2242 proba
1405 2173 1426 2224 i·

246 2239 315 2293 lius:
336 2239 426 2310 Θεῴλ
445 2271 479 2279 -
499 2239 533 2294 V.
547 2237 580 2292 14
597 2256 634 2294 an
654 2256 724 2292 sana
745 2239 846 2294 dictio:
869 2239 920 2307 τὴν
938 2240 998 2294 άκα
1025 2261 1092 2296 πον
1115 2241 1289 2320 dardanico?
1325 2241 1427 2293 Possit

246 2308 351 2379 aliquis
373 2309 501 2378 ἀκαρπον
522 2305 597 2360 tueri
617 2306 705 2374 velle,
722 2305 771 2372 iis,
792 2323 866 2378 quae
885 2325 946 2377 cap.
958 2307 1002 2361 XI
1041 2307 1157 2361 ineunte
1176 2309 1347 2375 d1ctasunt3
1373 2308 1427 2361 sed

245 2393 345 2430 vereor
356 2383 389 2429 ut
400 2383 493 2438 recte,
506 2391 592 2445 quum
604 2375 770 2444 praesertim
789 2375 917 2442 proxime
935 2375 1173 2455 antegrediantur
1188 2378 1289 2430 verba':
1312 2381 1358 2430 καὶ
1377 2375 1426 2429 ιλιά

246 2450 276 2498 τί
289 2452 474 2515 χαίροντες
494 2445 579 2498 ταῦτα
595 2449 718 2505 ποιεῖτε,·
738 2442 889 2496 Facillima
909 2449 1029 2498 mutatro
1049 2450 1104 2496 est:
1121 2442 1276 2518 ἄκρατον.
1294 2441 1428 2504 Ἄκρατος

245 2519 342 2564 autem
384 2528 419 2564 uo
437 2513 503 2580 jure
523 2515 641 2564 vocetur
662 2511 811 2582 ἐπιθυμία,
835 2509 942 2565 affatim
962 2511 1059 2565 elucet
1079 2511 1179 2578 exiis,
1200 2527 1273 2582 quae
1287 2511 1317 2563 in
1330 2493 1428 2564 altera

250 2577 353 2647 eapitis
398 2577 437 2631 lV
449 2582 532 2646 parte
544 2577 657 2646 prolata
669 2583 743 2630 sunt.

314 2645 344 2697 P.
357 2645 416 2710 240,
429 2645 446 2697 3
457 2643 555 2699 nescio
569 2661 605 2698 an
638 2644 808 2698 raeferenda
821 2645 858 2698 sit
868 2646 976 2699 codicis
990 2643 1013 2698 Ο
1025 2647 1181 2714 scriptura:
1196 2649 1427 2718 παραγγέλλεται.

245 2743 278 2751 -
290 2711 324 2765 V.
339 2715 371 2766 10
380 2714 441 2781 jam
453 2729 505 2780 per
518 2727 549 2765 se
563 2662 709 2765 sublestae
720 2710 788 2765 fidei
801 2717 845 2766 est
854 2712 947 2766 forma
960 2721 1039 2784 κορεῖ
1048 2731 1100 2781 pro
1115 2734 1147 2767 κο
1168 2721 1264 2768 ένννοι
1278 2719 1427 2780 usurpata.

245 2779 369 2833 Frustra
381 2781 456 2832 enim
469 2779 668 2848 provocaverit
680 2778 784 2849 aliquis
797 2780 832 2832 ad
841 2779 1026 2848 Hesychium‚
1037 2779 1135 2833 haeca
1160 2788 1299 2834 cientem:
1313 2789 1356 2835 Ko
1365 2785 1425 2843 ιεει,

246 2851 361 2916 πληροῖ,
380 2845 527 2918 χορτάσει,
550 2847 657 2915 quippe
674 2863 749 2916 quae
766 2847 855 2900 vcrba
873 2853 971 2915 aperte
989 2853 1121 2916 spectent
1138 2849 1174 2902 ad
1188 2855 1286 2902 notum
1301 2802 1376 2900 illud
1390 2866 1426 2900 ex

247 2913 375 2967 Homero
389 2915 517 2967 futurum
528 2913 662 2966 ionicum.
697 2912 821 2966 Accedit
834 2915 910 2982 quod
923 2915 965 2966 vis
978 2914 1057 2968 verbi
1075 2917 1111 2968 ad
1126 2915 1203 2969 hunc
1215 2916 1310 2968 locum
1323 2933 1427 2983 parurn

212 3045 215 3050 Ι
245 2985 313 3046 apta
325 2979 447 3033 videtur.
465 2981 510 3031 An
524 2980 662 3047 scriptum
674 2979 743 3032 fuit:
756 2979 933 3050 κορόσσει,
946 2981 1108 3050 ,‚excitat⁴“l

312 3045 343 3100 P.
355 3045 415 3111 241,
429 3047 445 3098 9
458 3051 635 3100 λειποτακτεῑ
646 3047 707 3114 jam
718 3046 797 3110 ideo,
817 3049 894 3118 quod
908 3067 926 3103 a
945 3049 1044 3104 codice
1057 3048 1080 3102 Ο
1094 3049 1264 3119 porrigitur,
1283 3049 1427 3118 recipien-

246 3112 312 3164 dum
333 3119 397 3166 erat
411 3112 569 3166 Dresselio.
603 3110 673 3165 Veri
694 3120 790 3167 autem
808 3120 852 3168 est
871 3115 977 3182 simile,
1000 3115 1120 3170 formem
1137 3121 1309 3180 λιποτακτεῑ,
1337 3135 1427 3187 quam

245 3179 337 3234 codex
355 3177 377 3232 C
398 3180 532 3248 praebet,
554 3179 698 3248 propriam
721 3181 801 3235 illam
819 3182 1006 3252 scriptoribus
1029 3183 1245 3250 ecclesiasticis,
1267 3184 1427 3254 antiquiori

245 3246 354 3300 formae
371 3264 435 3302 esse
453 3247 646 3306 substitutam.
665 3278 699 3287 -
713 3248 748 3303 V.
762 3251 794 3302 16
810 3249 915 3302 nollem
934 3256 1058 3319 spretam
1070 3251 1216 3322 utriusque
1230 3252 1340 3304 codicis
1355 3254 1427 3305 scri-

244 3319 371 3382 pturam:
385 3312 573 3384 ἀπολαβόντες
585 3313 618 3369 τὸ
631 3315 816 3390 παράπτωμα,
852 3315 937 3370 Licet
955 3317 1029 3370 enim
1044 3320 1199 3373 dictionem
1214 3318 1428 3390 ἀπολαμβάνειν

245 3380 277 3436 τὸ
290 3401 319 3436 π,
331 3381 528 3451 interpretari:
542 3384 674 3467 „peccati
688 3384 800 3452 culpam
815 3384 981 3438 redimere.“

311 3448 342 3504 P.
355 3449 416 3516 242,
431 3450 463 3502 19
476 3465 527 3535 prp
539 3451 634 3504 αυτόν
646 3451 842 3504 scribendum:
860 3451 955 3506 αὐτοῦ.
989 3452 1199 3523 Intelligendus
1213 3459 1258 3508 est
1271 3454 1348 3507 enim
1367 3454 1383 3510 ὁ
1397 3457 1429 3510 ἐν

244 3513 314 3588 ὑμῖν
325 3518 391 3572 ἔνάο
417 3521 490 3571 νῶν
502 3537 577 3586 οφις.

269 3646 276 3665 ¹
312 3583 344 3635 P.
356 3539 415 3652 245¹,
428 3539 520 3654 Vsqq.
536 3584 607 3637 haec
620 3583 768 3668 leguntur:
787 3583 873 3640 Ὅθεν
889 3584 965 3654 ὁτῆς
980 3587 1110 3655 ἀληθείας
1122 3587 1269 3662 προφήτης
1281 3589 1357 3645 πολὺ
1376 3591 1428 3646 τὸν

243 3665 354 3734 κοσμον
366 3655 584 3737 πεπλανημένον
596 3654 677 3712 aldor
688 3657 732 3704 καλ
745 3654 780 3726 τῇ
795 3661 875 3722 κακίᾳ
889 3659 1066 3728 συνθέμενον
1079 3655 1149 3710 idcir
1165 3659 1216 3710 οάκ
1234 3655 1361 3728 ἠγάπησε
1375 3657 1429 3725 τὴν

244 3735 316 3784 προς
333 3716 419 3773 αὐτὸν
439 3724 559 3789 ελρηνην,
580 3716 616 3777 ὡς
633 3724 660 3770 ἐκ
677 3717 782 3786 πλάνης
811 3722 960 3776 συνοῦσαν.
982 3719 1025 3776 ὅτι
1045 3727 1084 3783 εἰς
1101 3728 1181 3784 τέλος
1197 3727 1328 3794 ἐπιφέρει
1352 3728 1427 3780 πᾶσι

245 3788 304 3842 τοῖς
316 3781 388 3854 πρὸς
399 3792 495 3840 κακίαν
505 3783 775 3856 όμογνωμονοῡσιν,
789 3793 925 3859 παραθεὶς
937 3787 1000 3843 ἀντὶ
1012 3787 1118 3858 πλάνης
1131 3796 1198 3844 cett.
1234 3791 1334 3845 Verba
1347 3793 1385 3853 ὡς
1397 3795 1428 3848 ἐκ

244 3846 349 3914 πλάνης
362 3855 504 3906 συνοῦσαν
516 3852 545 3905 in
557 3851 661 3905 mendo
676 3851 794 3919 cubare,
808 3853 869 3921 jam
886 3871 938 3922 per
950 3871 981 3908 se
995 3855 1174 3926 intelligitur.
1209 3858 1335 3912 Accedit
1347 3860 1428 3928 quod

243 3913 321 3967 Reco
344 3915 466 3970 nitiones
484 3917 534 3982 Vl,
552 3918 570 3970 4
587 3918 740 3986 praebent:
760 3918 843 3983 „Non
862 3921 997 3976 continuo
1020 3940 1122 4042 pacem
1139 3927 1166 3978 ei
1188 3933 1238 3990 (sc.
1256 3927 1374 3987 mundo)
1397 3927 1429 3980 in

1366 3994 1373 4012 Ι

1032 4007 1050 4043 a
1061 3991 1150 4046 verba
1162 4011 1220 4047 non
1234 4010 1298 4046 cum
1314 3999 1429 4114 sippvnv

244 3995 333 4034 errori
355 4000 389 4036 us
401 3985 496 4050 posito
510 3985 614 4038 dedit.“
639 3983 723 4038 Unde
737 4003 824 4055 quum
836 3996 985 4105 appareat,
998 3991 1019 4042 il

858 4072 903 4107 am
917 4057 1049 4126 equidem
1066 4058 1150 4114 video
1168 4061 1342 4114 medicinam
1369 4062 1428 4116 aci-

245 4047 296 4120 sed
309 4065 371 4100 eum
388 4051 475 4104 αὐτὸν
493 4057 659 4105 constructa
675 4051 778 4120 fuisse,
797 4053 845 4106 nul

244 4107 357 4186 liorem,
379 4133 476 4194 quam:
498 4117 534 4178 ὡς
556 4124 611 4172 καλ
636 4118 745 4194 πλάνη
771 4120 929 4176 συνόντα.
956 4155 986 4164 -
1011 4126 1045 4178 In
1065 4127 1255 4198 sequentibus
1275 4129 1358 4181 deest
1377 4131 1429 4183 ob·

241 4179 350 4240 Jeotum
362 4182 443 4234 vorbi
456 4185 591 4254 ἐπιφέρει,
605 4187 683 4254 quod
697 4186 721 4238 si
735 4186 898 4256 significare
911 4189 1060 4244 volebant:
1080 4212 1115 4262 „o
1139 4199 1276 4264 pugnat‚“
1297 4197 1429 4251 scribere

246 4239 402 4322 debebant:
426 4249 597 4324 ἐπιφέρεται.
633 4253 860 4322 Recognitiones
882 4259 1034 4325 praebent:
1062 4213 1136 4326 „seri
1158 4262 1342 4332 ignorantiae
1364 4266 1429 4334 ejus

247 4321 335 4358 rumis
348 4317 499 4366 scientiam
511 4317 637 4371 veritatis
651 4323 814 4388 opposuit.“
842 4321 918 4374 Hinc
931 4325 1083 4392 probabile
1098 4335 1149 4399 est,
1163 4330 1240 4385 inter
1253 4331 1429 4404 ὁμογνωμο-
