3162 4900
360 335 405 382 ro
420 333 617 384 onnunurrs
632 333 713 384 eon.
728 334 822 390 ouen
833 333 911 384 run.
925 333 1102 383 nouimus.
1254 316 1316 382 287

144 485 200 539 τῶν
211 487 430 562 βαπτισθέντων
443 480 490 541 τάς
502 482 634 542 εὐποιίας.
658 481 739 534 Libri
757 497 839 534 mser.
851 497 903 550 pro
917 481 953 542 ὡς
965 479 1010 545 ἀν,
1048 497 1102 534 uae
1115 480 1255 535 correctio
1273 485 1317 533 est

144 549 256 604 Davisii
269 566 369 618 parum
383 555 463 616 apta,
476 549 626 616 praebent:
646 548 684 603 ὅτ’
698 547 732 604 ἀν
749 550 793 602 vel
807 550 881 604 ὅταν.
918 549 1010 612 Quum
1027 499 1147 602 Rufinus
1163 549 1181 602 l.
1194 565 1217 601 c.
1233 548 1317 600 inter·

143 624 274 687 pietatus
285 617 335 669 sit:
350 617 451 686 „quasi
462 618 567 668 donum
581 617 755 686 quoddam
768 615 890 670 offerens
901 617 955 672 deo
966 615 1075 670 animas
1086 633 1137 684 per
1146 616 1317 683 baptismum

144 689 357 748 consecratas“,
371 701 419 735 sus
441 683 533 736 ieetur
544 683 658 753 aliquis,
671 685 807 752 scriptum
821 681 922 736 fuisse:
938 702 1021 739 τινα.
1040 683 1119 738 Nihil
1133 683 1207 736 enim
1219 683 1317 749 refert,

145 754 221 823 quod
236 754 266 804 in
279 752 409 820 exemplo
448 748 517 803 ufini
531 757 678 819 postrema
690 751 829 805 enuntiati
845 752 933 804 verba
945 769 1000 805 non
1015 757 1095 806 eraut
1107 752 1215 804 eadem.

212 820 243 872 Ρ.
257 819 316 885 248,
329 820 346 870 2
358 819 482 886 receptis
494 819 601 872 verbis:
614 817 702 887 ἀιλίιιῳ
715 820 745 874 δὲ
759 818 831 888 πρὸς
843 818 874 874 τὸ
886 821 1085 888 βαπτισθῆναι,
1100 819 1223 871 deiende
1235 823 1317 872 erant

144 888 233 941 verba
243 887 331 955 ἀδίκῳ
344 887 382 946 d‘,
396 902 471 956 quae
485 887 626 938 debentur
639 885 828 955 Schweglero,
841 893 928 956 atque
946 892 1091 954 puuctum,
1105 885 1181 956 quod
1195 891 1240 938 est
1251 890 1318 953 post

143 959 419 1026 προπεπραγμένων.
450 951 520 1006 Cum
536 952 722 1007 codiceOex
755 959 816 1006 arte
833 954 1031 1007 consentiebat
1044 954 1203 1022 exemplum
1218 950 1319 1018 Rufini,

145 1026 225 1092 cujus
247 1023 317 1074 haec
337 1025 403 1074 sunt
420 1020 507 1072 verba
523 1019 553 1072 in
570 1020 721 1091 Recognit.
766 1061 772 1088 ‚
791 1021 820 1073 9:
842 1021 964 1090 „injusto
982 1039 1061 1088 vero,
1078 1027 1110 1074 ut
1127 1025 1320 1088 peccatorum,

143 1106 217 1160 quae
231 1089 323 1158 gessit
336 1091 364 1140 in
377 1089 548 1157 ignorantia,
565 1087 695 1142 remissio
714 1089 917 1156 concedatn1·“,
936 1105 1009 1159 quae
1030 1090 1094 1158 ipsa
1106 1088 1194 1142 verba
1215 1090 1320 1142 docere

164 1161 280 1212 oterant
297 1154 521 1224 Schweglerum,
544 1156 589 1221 id,
614 1155 691 1225 quod
712 1155 747 1208 de
771 1157 935 1224 conjectura
954 1158 1097 1226 reposuit,
1120 1156 1319 1208 collocandum

143 1175 235 1278 ἀνίετε
248 1230 328 1276 ante:
349 1228 387 1283 εἰς
403 1223 507 1293 ἀφεσιν
523 1225 579 1278 τῶν
596 1225 626 1278 ἐν
642 1222 742 1294 ἀγνοίᾳ
759 1244 876 1294 προπεπ
895 1229 1032 1295 ογμένων.
1068 1223 1200 1276 Ceterum
1222 1238 1319 1275 eorum

142 1293 305 1356 verborum,
319 1306 392 1360 quae
406 1289 514 1342 suntin
527 1289 626 1344 codice
638 1289 670 1356 Ο,
683 1291 734 1343 iila
746 1245 911 1359 recipientia
922 1299 983 1344 crat
992 1291 1142 1359 scriptura,
1156 1306 1229 1358 qnae
1239 1304 1319 1356 repe·

143 1360 217 1412 ritui·
229 1358 260 1411 in
273 1358 400 1428 margine
413 1375 430 1410 a
442 1375 527 1410 manu
540 1359 700 1410 recentiore
714 1357 874 1425 adscripta:
894 1358 966 1427 πρὸς
978 1359 1016 1425 τῴ
1027 1366 1060 1426 β,
1078 1362 1210 1424 „praeter
1225 1355 1319 1424 bapti·

143 1429 299 1480 smum“.-
313 1423 426 1489 Verbis,
439 1441 512 1494 quae
526 1432 592 1478 sunt
603 1443 627 1478 v.
640 1426 658 1478 3
670 1444 682 1477 s
703 1443 743 1494 q.:
756 1424 802 1478 did
817 1432 872 1479 sits
882 1426 990 1485 δίκαιος
1000 1425 1032 1486 ελ,
1046 1429 1100 1479 εἴτε
1112 1421 1216 1486 ἀδικος,
1230 1426 1319 1478 σπεῦ-

143 1513 198 1549 σον
208 1495 377 1563 γεννηθῆναι
398 1495 471 1561 Oroi,
489 1492 533 1545 ὅτι
550 1491 704 1562 ἡάναβολη
721 1495 854 1547 κίνδυνον
871 1497 951 1564 φέρει
964 1490 1011 1544 διὰ
1027 1491 1059 1545 τὸ
1070 1489 1175 1552 ἄδηλον
1186 1494 1256 1546 εῖναι
1269 1494 1319 1545 τοῦ

143 1563 270 1616 θανάτου
283 1560 334 1628 τὴν
347 1566 540 1634 προθεσμίαν,
562 1563 601 1629 τῷ
617 1562 645 1621 ἐξ
664 1559 764 1620 ὕδατος
781 1562 920 1646 γεννωντί
934 1576 965 1614 σε
979 1565 1063 1629 πατρὶ
1075 1558 1122 1612 διὰ
1134 1561 1181 1624 τῆς
1193 1558 1320 1620 εὐποιίας

144 1633 196 1698 τὴν
220 1628 374 1702 ὁμοιότητα
397 1629 494 1689 δείξας.
524 1627 560 1690 ὡς
582 1626 738 1700 φιλαλήθης
760 1647 811 1681 τον
833 1625 923 1696 ἀληθῆ
944 1625 1015 1683 Θεὸν
1036 1629 1126 1699 τιμῶν
1145 1625 1182 1688 ὠς
1203 1631 1317 1697 πατέρα,

142 1699 323 1764 respondent
339 1694 411 1748 haec
428 1695 458 1748 in
474 1694 626 1764 Recognit.
642 1693 722 1760 vie
739 1700 768 1748 et
784 1695 830 1748 lo:
856 1694 1014 1761 „Omnibus
1033 1711 1102 1763 ergo
1125 1693 1319 1748 festinandum

142 1765 267 1818 estsine
284 1779 363 1816 moro
379 1763 577 1829 renasoideo,
595 1763 662 1844 quia
678 1762 804 1816 incertus
818 1771 862 1816 est
881 1761 1046 1816 uniuscuius
1068 1779 1104 1815 ue
1122 1765 1215 1815 exitus
1233 1761 1317 1814 vitoe.

144 1827 216 1884 Cum
231 1839 326 1884 autem
339 1836 525 1900 regeneratus
538 1829 626 1885 fueris
643 1848 694 1900 per
711 1848 827 1900 aquam,
850 1845 885 1883 ex
903 1829 1038 1898 operibus
1078 1833 1139 1883 ouis
1157 1829 1276 1882 ostende
1290 1831 1318 1881 in

142 1907 173 1952 te
193 1897 408 1951 similitudinem
423 1899 494 1966 ejus,
511 1897 560 1967 qui
572 1904 602 1951 te
614 1898 714 1978 genuit
725 1901 824 1966 patris.
852 1897 1006 1968 Agnovisti
1019 1899 1093 1951 enim
1106 1899 1198 1962 deum,
1211 1896 1320 1950 honore

141 1968 281 2088 patreffl¹
318 1964 479 2018 Turbatum
501 1982 565 2019 esse
587 1967 695 2036 ahquid
716 1967 743 2018 in
760 1967 908 2033 Homiiiis,
927 1967 986 2051 jam
1007 1981 1058 2034 per
1080 1983 1110 2018 se
1135 1965 1240 2018 clarum
1266 1969 1318 2016 est.

164 2051 211 2087 am
224 2033 381 2086 secundum
392 2031 619 2101 Recognitiones
632 2039 743 2087 tentare
755 2033 837 2087 licet:
855 2063 888 2072 -
907 2053 956 2102 την
973 2039 1160 2104 προθεσμίαν.
1178 2033 1318 2103 ἀναγεν-

142 2105 265 2168 νηθεὶς
277 2102 295 2154 d
300 2103 312 2156 i
325 2102 364 2168 roi
375 2130 408 2138 -
421 2102 550 2164 δεῖξον,
565 2099 602 2161 ὡς
613 2106 671 2171 φιλ.
685 2107 752 2155 cett.
775 2101 832 2154 Sed
845 2101 1025 2155 verisimilius
1039 2108 1091 2166 est,
1103 2099 1249 2167 Rufinum,
1270 2099 1318 2170 qui

142 2184 233 2236 saepe
245 2167 364 2221 liberius
382 2167 584 2235 interpretatus
598 2175 656 2231 est,
674 2168 762 2222 verba
783 2186 864 2236 „cum
882 2175 1068 2238 regeneratus
1085 2167 1194 2220 fueris“
1213 2170 1248 2221 de
1266 2183 1318 2222 suo

141 2237 276 2306 posuisse
289 2251 375 2305 quum
389 2233 525 2354 seriptum
544 2235 731 2304 repperisset:
749 2238 807 2291 siro
818 2238 857 2298 δὲ,
871 2238 916 2290 vel
929 2236 1021 2289 simile
1035 2235 1111 2305 quid.
1125 2265 1158 2275 —-
1170 2234 1205 2288 V.
1217 2237 1249 2288 11
1262 2251 1319 2288 non

142 2309 208 2358 erat
228 2302 430 2370 vilipendenda
454 2302 619 2371 'chwegleri
637 2305 814 2372 conjecturo:
834 2307 879 2374 τῷ
895 2307 1002 2372 λογικοὶ
1014 2305 1097 2364 εἶναι,
1120 2319 1204 2371 quom
1218 2300 1318 2354 confir·

142 2375 224 2422 mont
234 2370 317 2422 etiam
325 2369 550 2439 Recognitionee
561 2369 595 2436 V,
601 2372 634 2422 lo
644 2369 837 2439 porrigentes:
847 2368 1319 2448 „utpoterationabileshomines“.

213 2435 244 2489 P.
257 2437 316 2502 242,
331 2438 345 2488 1
360 2437 457 2490 forsan
470 2437 667 2491 scribendum:
680 2435 813 2509 ἀγαθὸν
826 2437 903 2507 (librr
916 2453 1010 2490 meon:
1027 2435 1105 2498 κατὰ)
1117 2435 1171 2506 γάρ
1185 2433 1217 2491 τά
1230 2435 1319 2504 ἀληθῆ

145 2504 191 2558 rel
204 2503 236 2558 τὸ
248 2505 348 2570 ἀληθὲς
361 2503 393 2558 τὸ
410 2503 582 2575 καθαρεύειν.
602 2503 660 2560 cfr.
677 2506 764 2558 verba
781 2503 909 2572 proxime
926 2505 1088 2574 sequentia:
1110 2504 1146 2564 ὡς
1163 2502 1204 2558 ὅτι
1222 2506 1317 2559 ἕπεται

143 2575 192 2642 τῴ
211 2572 327 2642 ἀγαθῷ
340 2570 371 2625 τὸ
384 2571 528 2642 καθάριον,
541 2578 568 2624 et
581 2572 730 2641 Recognit.
742 2570 792 2640 VI,
806 2571 852 2624 ll:
871 2573 998 2640 „Bonum
1018 2578 1063 2624 est
1080 2578 1176 2625 autem
1194 2576 1224 2624 et
1243 2570 1318 2640 pori·

142 2639 199 2692 tati
212 2641 399 2705 conveniens,
416 2639 501 2692 etiam
521 2655 624 2708 corpus
641 2655 716 2708 aqua
738 2639 855 2693 diluere.
890 2640 1001 2693 Bonum
1015 2657 1081 2692 vero
1099 2639 1192 2705 dico“,
1207 2647 1273 2692 cett.
1285 2669 1318 2678 —

142 2707 178 2760 V.
194 2704 226 2758 14
245 2705 409 2759 Dresselius
431 2705 560 2774 recipere
583 2707 708 2759 debebat
729 2705 839 2760 codicis
861 2705 884 2760 0
908 2710 1091 2776 scripturam:
1113 2706 1211 2772 αὐτοῦ,
1232 2723 1318 2776 quum

142 2773 314 2843 praesertim
336 2773 421 2826 etiam
447 2774 523 2841 opud
550 2772 727 2827 Matthaeum
750 2775 962 2845 Evangelistam
987 2775 1099 2839 XXIII,
1122 2775 1156 2826 26
1179 2773 1317 2842 scriptum

142 2841 317 2910 reperiatur:
330 2841 425 2904 αὐτοῦ,
439 2849 468 2893 et
480 2841 669 2894 Homiliarum
684 2843 807 2912 scriptor
819 2842 916 2913 paullo
930 2859 1023 2911 supra,
1038 2862 1061 2894 v.
1077 2843 1116 2908 12,
1129 2859 1198 2894 usus
1212 2842 1249 2894 sit
1262 2841 1318 2894 sin·

142 2909 237 2978 guiari
248 2915 284 2980 γέ
305 2928 336 2962 ει.
372 2909 436 2962 Non
453 2913 550 2962 tamen
568 2909 701 2978 dixerim,
721 2911 796 2964 hanc
815 2912 851 2966 ob
871 2927 1002 2964 caussam
1020 2909 1166 2962 ferendam
1184 2926 1240 2962 non
1255 2923 1318 2962 esse

143 2975 256 3030 codicis
279 2929 302 3030 b
326 2979 507 3044 scripturam:
530 2976 628 3032 αὐτῶν.
665 2975 803 3032 Similiter
819 2980 958 3032 variatam
979 2979 1135 3032 orationem
1158 2977 1253 3031 videre
1275 2983 1319 3031 est

142 3043 221 3112 apud
234 3041 421 3108 Matthaeum‚
435 3045 483 3112 qui
496 3045 593 3112 paulio
607 3050 682 3111 ante,
696 3065 719 3096 v.
732 3047 774 3111 25,
787 3064 856 3100 usus
870 3047 907 3099 sit
919 3046 1023 3166 filumli
1032 3053 1177 3120 γέμουσιν.
1196 3045 1251 3098 Hic
1264 3044 1319 3098 suit

145 3112 230 3163 etiarn
256 3111 284 3162 in
310 3112 440 3180 exemplo
463 3109 574 3180 Rufini,
597 3111 801 3180 iuterpretatur
822 3113 896 3166 eninr
947 3131 997 3168 eco
1021 3116 1069 3167 nit.
1091 3114 1140 3179 VI,
1156 3115 1200 3166 ll:
1222 3114 1317 3181 „intus

143 3185 240 3231 autem
262 3179 349 3246 plena
365 3184 432 3231 sunt
450 3179 609 3233 sordibus“.
637 3179 764 3248 Utraque
776 3180 910 3248 Epitome
924 3179 954 3233 C.
967 3181 992 3233 L
1025 3182 1095 3236 VIII
1107 3181 1228 3250 praebet
1238 3186 1319 3251 γέμει

144 3252 175 3298 et
185 3246 280 3307 αὐτοῦ,
295 3252 327 3298 ut
340 3245 529 3300 Homiliarum
543 3248 606 3301 cod.
620 3243 652 3298 0.

214 3311 284 3366 Cum
306 3314 401 3366 verbis
423 3331 496 3384 quae
518 3320 584 3366 suut
624 3313 706 3379 .250,
726 3315 739 3364 1
759 3330 800 3382 sq.
820 3313 1009 3381 conserenda,
1033 3330 1107 3383 quae
1132 3315 1266 3381 leguntur
1288 3313 1317 3366 iu

144 3380 297 3450 utriusque
318 3380 466 3448 Epitomes
486 3331 776 3436 0.inIi11ve1·sus
796 3378 889 3435 finem.
924 3380 1053 3450 Utraque
1075 3381 1222 3434 scribendi
1242 3379 1317 3434 ratio

143 3448 236 3515 proba
255 3453 305 3500 est.
327 3477 360 3486 -
380 3447 416 3503 V.
429 3448 461 3500 18
479 3449 576 3516 inepte
595 3449 752 3502 secundum
770 3447 937 3503 codicemO
955 3446 1188 3518 interrogationis
1204 3447 1317 3518 signnm

144 3516 318 3568 collocatum
331 3523 375 3569 est
388 3521 454 3583 post
467 3518 583 3570 verbum
597 3515 718 3588 porsiri.
1146 3553 1150 3562 ·

211 3582 242 3634 Ρ.
255 3583 315 3650 251,
329 3584 343 3636 1
356 3581 484 3651 Rufinus,
497 3601 584 3654 quum
597 3586 625 3638 in
637 3583 786 3652 Iiecognit.
799 3583 849 3651 VI,
862 3582 896 3637 13
908 3582 1115 3651 interpretatus
1128 3582 1179 3636 sit:
1198 3597 1269 3670 „nos
1281 3597 1317 3634 ne

143 3649 302 3702 irascamur
324 3649 466 3730 quidem“‚
487 3657 553 3705 onte
575 3652 673 3706 oculos
693 3651 830 3705 habuisse
850 3651 975 3705 videtur:
994 3650 1074 3737 'in‘
1095 3653 1181 3725 μηδὲ
1203 3647 1317 3723 οργιζώ-

143 3728 227 3788 μεθιι.
257 3717 295 3770 Et
313 3735 355 3771 erc
374 3717 563 3772 scribendum.
593 3720 672 3773 Idem
691 3735 776 3789 quum
792 3735 844 3788 pro
863 3720 972 3774 verbis:
994 3741 1010 3788 η
1035 3727 1074 3781 εἰς
1086 3717 1317 3798 τῆνάρχῆνμηιλὲ

144 3787 363 3858 ἐνθυμηθῶμεν,
386 3786 527 3854 porrigat:
552 3803 621 3850 ,nos
642 3801 677 3840 ne
696 3786 930 3856 concupiscamus
950 3741 1065 3858 quiiism
1085 3787 1207 3841 alienam
1220 3787 1317 3838 mulie·

144 3858 231 3918 rem“,
248 3851 320 3904 iliud
342 3869 407 3930 vero
428 3852 498 3930 ferri
519 3825 599 3906 uuiIo
622 3860 705 3922 pacto
728 3855 833 3922 possit,
855 3855 943 3908 facile
965 3854 1069 3940 aliquis
1091 3853 1238 3924 conjiciat,
1252 3857 1318 3920 post

143 3921 352 3990 ἐνθυμηθῶμεν
363 3921 544 3973 intercidlsse
561 3921 661 3973 verba:
682 3921 863 3993 ἀλλοτρίας
882 3942 1045 3993 γυναικος
1063 3925 1076 3977 I
1085 3931 1170 3976 πιθα
1203 3928 1261 3976 εῖν.
1283 3949 1317 3958 -

143 3986 179 4040 V.
192 3985 210 4038 4
223 4004 265 4055 sq.
277 3985 397 4040 miretur
408 3985 512 4056 aliquis
524 3987 620 4040 adhuc
632 3987 776 4054 patienter
794 3991 919 4044 tolerata
936 3990 1034 4042 verbe:
1052 3987 1163 4049 ἀπαξαπ
1184 3989 1220 4048 ὦς
1236 3988 1316 4072 ὀφεί-

142 4058 176 4108 λο
201 4073 231 4110 εν
244 4058 273 4107 ολ
284 4053 334 4108 τὸν
346 4052 464 4125 ἀπειρον
478 4059 565 4110 aroino
577 4057 735 4118 ἐλπίζοντες
747 4061 943 4129 κληρονομεῖν,
958 4059 1013 4112 τῶν
1026 4055 1076 4112 τὸν
1090 4055 1215 4128 παρόντα
1225 4072 1318 4127 μονον

144 4075 271 4184 :itiitere
287 4123 342 4177 τῶν
356 4120 402 4176 ἀπ’
415 4123 507 4178 αὐτῶν
518 4127 679 4194 γενομένων
690 4125 781 4176 καλεῖν
791 4132 906 4191 κρείττω
918 4132 1020 4179 ποιεῖν.
1038 4121 1159 4176 Rufinus
1171 4123 1190 4176 l.
1205 4139 1241 4176 e:
1260 4122 1317 4192 „Et

143 4205 197 4257 per
210 4188 305 4242 omnia
317 4205 378 4254 nos,
392 4191 442 4260 qui
453 4188 564 4242 aeterni
577 4188 685 4243 saeculi
698 4189 905 4244 hoereditatem
919 4207 1074 4259 speramus,
1087 4192 1223 4244 debemus
1235 4206 1316 4259 prae·

145 4254 252 4308 cellere
266 4271 324 4321 eos,
338 4255 387 4324 qui
399 4273 536 4325 praesens
549 4260 657 4310 ta'ntum
671 4257 815 4310 saeculum
827 4260 960 4310 norunt“.
979 4258 1007 4310 Is
1016 4256 1106 4328 igitur
1117 4257 1147 4311 in
1160 4274 1212 4312 suo
1223 4275 1316 4312 exem·

146 4322 219 4391 plari
232 4339 290 4376 uon
304 4322 376 4392 legit
390 4324 487 4378 verba:
508 4326 563 4381 τῶν
580 4324 626 4378 ὑπ’
640 4324 731 4380 αὐτῶν
746 4329 907 4397 γενομένων
918 4327 1015 4382 καλῶν.
1051 4327 1090 4380 Et
1100 4326 1231 4396 profecto
1243 4325 1316 4380 haec
