3126 4894
590 295 745 346 cursous
762 295 907 346 masas.
1270 281 1332 347 175

152 441 254 522 audivi
272 447 302 496 et
319 440 412 560 problq
426 439 500 519 novi.
535 438 576 494 At
590 440 645 520 illa
666 441 816 561 adiurabat
833 441 946 521 dicens:
973 441 1055 514 Rogo
1073 443 1143 496 mihi
1159 443 1279 514 referas,
1300 454 1332 502 ut

153 509 660 630 sciaifflqjqqtsqissaiqtqqlmlqleiplqpss
673 510 944 631 qqqpirqhqqqqiem
968 594 1036 646 prae
1056 577 1239 633 miseratione
1262 596 1331 652 erga

152 645 236 723 illam
252 661 350 722 verum
364 642 464 722 ‘coepit
482 643 589 698 dicere:
608 643 662 698 Est
679 661 747 698 sane
764 643 878 713 quidem
895 643 1077 712 adolescens,
1100 651 1225 700 sectator
1241 664 1329 714 meus,

151 729 266 791 piorum
286 711 548 830 religiqsorqmquslr1
563 727 734 833 qemonumd
746 711 872 791 cupidus·
883 717 912 765 et
928 711 1072 832 Rspmanus
1089 713 1173 793 civis,
1196 713 1244 784 qui
1260 715 1330 768 mihi

151 783 370 916 abacista?
398 784 703 916 iiielafflbi}
713 796 788 899 iiiii
798 785 1040 901 citillabit
1045 781 1329 918 sterilitatis

151 913 285 992 Romana
295 913 365 966 urbe
378 913 415 966 ad
427 914 676 992 tempusexcessit
688 931 752 967 cum
764 913 886 992 geminis
900 914 959 967 suis
972 915 1062 982 natis,
1075 932 1111 969 ne
1124 916 1227 970 misera
1238 923 1328 972 morte

153 981 300 1047 interiret,
318 985 403 1050 atque
422 997 485 1034 cum
503 981 562 1034 illis
579 998 695 1052 egressa
706 997 763 1034 non
779 984 929 1034 invenitur.
964 982 1016 1037 Vir
1027 988 1122 1036 autem
1134 983 1226 1050 illius,
1244 983 1328 1038 huius

153 1066 222 1103 vero
257 1053 328 1113 ater,
341 1053 371 1100 et
383 1047 445 1117 ipse
458 1047 495 1101 ad
507 1049 697 1118 quaerendam
709 1065 772 1103 eam
784 1048 929 1119 profectus
942 1067 1120 1120 nequequam
1131 1053 1277 1121 reperitur.

249 1114 389 1168 XXXIX.
425 1115 506 1169 Haec
527 1133 590 1170 cuin
612 1115 733 1170 dixisset
753 1115 855 1170 Petrus
875 1117 988 1184 mulier,
1011 1134 1082 1187 quae
1103 1119 1227 1172 animum
1246 1136 1326 1173 suum

155 1181 255 1256 [hisce]
271 1182 447 1248 intenderat,
461 1187 574 1252 stupore
588 1183 749 1239 exanimata
761 1189 812 1237 est.
848 1183 921 1237 Tum
936 1184 1038 1238 Petrus
1055 1187 1196 1239 accedens
1209 1203 1327 1256 eamque

151 1257 266 1316 tenens,
277 1256 310 1303 ut
322 1250 359 1304 ad
371 1267 401 1304 se
413 1249 518 1303 rediret
526 1249 655 1305 hortatus
665 1257 710 1304 est
719 1268 753 1306 ac
762 1251 855 1318 fateri,
869 1252 1003 1320 quidnam
1012 1258 1098 1318 esset,
1111 1253 1186 1322 quod
1196 1253 1223 1306 ei
1235 1255 1324 1308 conti·

152 1324 243 1390 gerat.
263 1317 320 1371 Illa
331 1333 397 1371 vero
408 1317 489 1370 velut
501 1334 536 1371 ex
548 1318 687 1373 ebrietate
699 1325 760 1374 toto
774 1335 889 1389 corpore
898 1319 1033 1398 resoluta,
1046 1336 1104 1399 quc
1110 1325 1208 1388 posset
1217 1338 1263 1374 ma
1285 1325 1326 1376 ni·
1419 1367 1422 1372 .

151 1386 283 1439 tudinem
296 1385 401 1454 sperati
414 1385 513 1457 gaudii
526 1385 681 1453 sustinere,
700 1392 789 1440 semet
802 1386 893 1456 ipsam
905 1391 1061 1456 reparavit:
1082 1387 1220 1456 simulque
1238 1405 1255 1441 a
1276 1388 1323 1442 iri-

151 1471 222 1507 cans
234 1453 346 1506 vultum
357 1451 416 1507 Ubi
435 1459 493 1518 est,
510 1452 616 1523 inquit,
638 1453 688 1508 ille
706 1451 893 1508 adolescens?
911 1452 951 1507 At
967 1454 1069 1508 Petrus
1085 1454 1140 1508 iam
1155 1454 1248 1508 intelli
1272 1473 1323 1510 ens

149 1537 211 1574 rem
222 1525 314 1574 totam
326 1519 396 1587 Dic,
414 1519 443 1572 in
463 1521 520 1587 uit,
538 1520 608 1573 mihi
618 1526 653 1574 tu
663 1521 751 1591 prior,
765 1520 849 1574 aliter
862 1521 936 1574 enim
949 1537 1013 1574 eum
1025 1539 1082 1574 non
1094 1521 1213 1574 videbis.
1250 1474 1325 1577 ff'um

151 1587 204 1642 illa
216 1587 358 1642 festinans
370 1589 424 1642 ait:
443 1536 506 1659 ligo
520 1605 581 1640 sum
590 1587 782 1644 adolescentis
792 1594 888 1642 mater.
898 1588 945 1666 'Et
954 1588 1068 1642 Petrus:
1088 1587 1170 1651 Quod
1182 1589 1209 1642 ci
1221 1607 1324 1644 nomen

151 1653 216 1708 est?
234 1655 291 1708 Illa
302 1671 383 1722 vero,
398 1654 544 1720 Clemens,
557 1655 607 1710 ait.
641 1656 679 1709 Et
690 1656 792 1735 Petrus
806 1661 932 1735 ercepit:
952 1655 1019 1735 Ipse
1031 1661 1075 1709 est
1087 1662 1116 1709 et
1129 1655 1205 1710 idem
1217 1664 1262 1710 est
1275 1659 1337 1727 qui,

149 1725 237 1792 paulo
253 1728 321 1801 ante
337 1741 447 1777 mecum
464 1723 646 1803 loquebatur,
664 1741 747 1793 quem
763 1740 833 1776 iussi
850 1740 894 1777 me
912 1741 943 1776 in
955 1741 1021 1777 navi
1034 1729 1206 1803 exspectare.
1243 1725 1324 1779 Tunc

150 1791 204 1844 illa
220 1789 372 1860 procidens
389 1791 427 1870 ad
443 1791 628 1870 pedesPetri
643 1791 778 1862 rogabat,
799 1797 831 1844 ut
848 1791 885 1844 ad
901 1807 1001 1845 navem
1022 1790 1127 1845 festine
1147 1793 1323 1872 procederet.

148 1857 950 1996 {233¹}iil-tebmsiiflliiabqullalellabiiiiaiii
966 1876 1195 1980 virilitati...
1219 1857 1325 1982 illini?

150 1993 266 2048 Putabo
279 1965 355 2073 enim
371 2011 422 2074 per
434 1993 443 2046 i
465 1965 667 2114 sumtqelninos
680 1994 883 2073 meosnliberos,
897 1993 945 2064 qui
957 1993 1004 2047 hic
1016 1994 1117 2048 mortui
1132 2000 1205 2074 sunt,
1219 1970 1325 2050 videre:

148 2060 263 2182 3121.le
263 2061 553 2198 metabipllsl.
563 2077 701 2182 liciti
715 2067 812 2131 qma
824 2078 915 2129 mani
928 2078 1017 2130 ωε
1030 2079 1085 2132 ‘¹¹²⁰
1098 2079 1149 2133 eff
1150 2063 1276 2118 ³d¹³m¹¹¹
1288 2063 1324 2118 ³¹³

148 2281 207 2336 ego
218 2193 931 2343 {iniirt?iltisarbitrarier-'trilibri
939 2197 1324 2344 ,tibialddtbgiitl

148 2336 312 2410 gratia-pro
329 2348 391 2400 ipsc
408 2348 493 2386 manu
509 2331 589 2410 illam
606 2331 708 2411 ducere
726 2348 816 2410 coepi.
841 2330 942 2410 'Simul
960 2337 1056 2384 autem
1073 2349 1107 2385 ac
1127 2349 1241 2411 manum
1262 2349 1323 2388 eius

148 2404 277 2478 contigi,
295 2404 328 2450 ut
344 2405 434 2452 mater
450 2399 562 2452 ululatu
579 2405 692 2470 ingenti
708 2399 821 2452 reddito
839 2417 869 2451 in
881 2399 1028 2478 amplexus
1040 2415 1117 2452 meos
1131 2405 1211 2452 irruit
1223 2416 1324 2478 meque

148 2467 337 2545 filium-suum
348 2467 531 2520 vehementer
543 2466 710 2520 deosculata
723 2471 775 2519 est.
810 2463 851 2545 At
867 2482 921 2536 ego
935 2483 1069 2537 ignorans
1082 2483 1164 2519 omne
1176 2473 1323 2537 negotium

148 2551 234 2613 quasi
245 2540 434 2588 insanientem
445 2534 635 2604 repellebam:
650 2533 740 2587 sedet
751 2539 889 2587 reveritus
901 2533 1017 2587 Petrum
1028 2534 1130 2602 plenus
1144 2550 1219 2587 eram
1231 2534 1323 2605 aegri·

147 2601 295 2722 tuanCI.
331 2668 404 2721 Tum
416 2668 517 2748 Petrus
531 2667 616 2722 dixit:
635 2667 739 2749 Eheu,
748 2667 818 2788 quid
833 2668 897 2748 agis
914 2665 958 2748 iili
972 2665 1104 2746 Clemens
1122 2667 1163 2722 sic
1174 2667 1322 2748 repellens!

147 2754 227 2802 eam,
247 2753 318 2817 quae
336 2741 365 2790 te
382 2735 514 2806 peperit?
532 2737 595 2808 Ego
612 2753 678 2790 vero
691 2735 741 2790 ubi
773 2753 807 2790 oc
824 2736 935 2816 audivi,
951 2735 1076 2815 lacrimis
1090 2736 1201 2815 obortis·
1210 2735 1323 2816 concidi

148 2821 240 2884 supra
250 2809 392 2857 iacentem
408 2809 526 2858 matrem
537 2811 571 2884 et
581 2804 730 2858 osculabar
747 2821 817 2858 eam.
853 2803 942 2858 Simul
955 2820 1076 2882 enimac
1090 2805 1120 2857 id
1133 2803 1323 2883 ,mihindictum

148 2872 217 2938 fuit,
232 2870 404 2942 subobscure
424 2869 597 2945 [genetricis]
615 2871 732 2926 formam
747 2872 923 2926 revocabam.
959 2870 1114 2925 Multitudo
1131 2876 1244 2924 interim
1257 2889 1323 2926 con·

147 2938 283 2994 currebat
294 2938 415 3009 plurima
431 2939 468 2992 ad
483 2939 637 2994 videndam
650 2939 810 2994 mendicam
827 2940 987 3007 mulierem,
1006 2939 1196 3009 dicebantque
1209 2945 1321 2994 mutuo:

147 3007 280 3128 Aqnovit
293 3023 355 3060 eam
367 3005 454 3085 filius,
467 3007 510 3088 vir
522 3007 648 3086 eximius.
674 3007 776 3087 ,Nobis
789 3009 879 3078 igitur
891 3008 1042 3062 confestim
1056 3024 1119 3061 cum
1131 3013 1220 3062 matre
1234 3025 1268 3088 er
1281 3008 1322 3062 in·

148 3093 186 3128 su
199 3091 216 3128 a
229 3090 304 3128 exire
316 3074 478 3128 volentibus
498 3075 550 3129 illa
567 3079 620 3128 ait:
645 3073 704 3126 Fili
718 3093 757 3128 mi
770 3081 916 3146 exoptate,
930 3093 1050 3146 aequum
1063 3082 1107 3129 est
1119 3081 1151 3128 ut
1162 3077 1323 3130 valedicam

148 3141 273 3208 mulieri,
287 3159 359 3211 quae
371 3158 415 3195 me
430 3139 571 3212 suscepit,
590 3158 661 3212 quae
674 3158 762 3213 egens
776 3147 805 3196 et
817 3148 879 3196 tota
888 3144 1049 3262 paralytica
1062 3144 1138 3197 domi
1150 3144 1232 3198 iacet.
1268 3144 1322 3197 His

147 3209 258 3264 auditis
270 3209 371 3262 Petrus
385 3215 414 3262 et
423 3227 530 3276 omnes,
544 3209 592 3290 qui
603 3208 719 3280 plurimi
728 3209 855 3276 aderant,
870 3227 886 3263 a
907 3211 1001 3264 mirati
1011 3216 1077 3263 sunt
1086 3210 1190 3264 bonum
1199 3211 1322 3265 feminae

148 3277 308 3331 consilium.
344 3275 382 3330 Et
403 3277 537 3331 continuo
558 3277 643 3330 iussit
664 3276 742 3330 abire
767 3277 904 3346 quosdam
929 3295 963 3330 ac
990 3277 1098 3330 deferre
1122 3277 1268 3330 mulierem
1292 3278 1322 3330 in

149 3345 260 3398 lectulo
278 3345 409 3398 locatam.
445 3344 571 3414 Cumque
584 3343 687 3398 fuisset
699 3345 787 3398 allata
803 3343 970 3414 positusque
989 3345 1094 3409 lectus,
1118 3349 1221 3397 cuncta
1236 3344 1321 3412 plebe

147 3413 285 3466 audiente
297 3413 399 3466 Petrus
412 3412 467 3466 ait:
487 3411 516 3466 Si
529 3412 658 3466 veritatis
671 3428 725 3483 ego
739 3429 800 3464 sum
812 3427 929 3480 praeco,
946 3411 984 3464 ad
999 3409 1085 3462 fidem
1104 3427 1198 3463 eorum
1211 3411 1260 3479 qui
1272 3411 1321 3464 ad-

149 3479 267 3546 sistunt,
279 3485 312 3532 ut
325 3480 417 3534 sciant
428 3497 515 3534 unum
528 3496 591 3533 csse
603 3479 697 3532 Deum
709 3478 840 3550 opificem
853 3478 964 3544 mundi,
983 3482 1081 3548 surgat
1094 3477 1228 3531 continuo
1242 3494 1319 3532 sana.

146 3547 188 3601 Et
205 3548 302 3602 statim
319 3563 382 3600 cum
398 3547 471 3602 haec
489 3546 610 3600 dixisset
626 3547 744 3616 Petrus,
759 3547 860 3600 mulier
877 3545 996 3599 surrexit
1013 3561 1083 3598 sana
1100 3553 1129 3598 et
1144 3545 1268 3614 procidit
1284 3546 1321 3600 ad

203 3739 262 3805 cap.
275 3737 448 3793 cxxxviii.
484 3733 508 3799 1)
523 3731 573 3788 zei
583 3763 617 3772 -
629 3731 715 3804 λόγον
759 3738 787 3788 0.
800 3765 834 3772 -
845 3733 873 3803 5)
888 3735 966 3787 sinis
979 3737 1007 3786 0.
1021 3764 1054 3772 -
1069 3733 1094 3796 6)
1109 3725 1192 3794 οὗτός
1204 3735 1263 3789 εστι
1275 3739 1320 3788 iai

149 3809 228 3858 V.—
246 3801 274 3871 2)
292 3821 406 3894 poi-om.
425 3805 454 3854 0.
471 3831 506 3839 —
525 3797 552 3870 3)
566 3801 713 3872 ippoliqom.
758 3821 806 3854 om.
831 3805 861 3854 V.
895 3805 1006 3854 Subinde
1030 3799 1114 3862 αὐτὸς
1135 3799 1169 3868 ἦν
1191 3823 1215 3884 p.
1238 3800 1320 3863 αὐτός

148 3875 182 3924 V.
196 3899 229 3908 -
241 3868 269 3938 4)
283 3871 399 3924 ritiovari
411 3873 442 3924 V.
758 3871 835 3924 ἔστιν
846 3873 921 3954 Πρω.
937 3868 1012 3989 ——73
1026 3885 1248 3988 nqpcngvocuca
1261 3875 1316 3923 OV.

201 4007 261 4074 (lap.
274 4007 420 4058 LXXXIX.
451 4003 475 4069 1)
492 4005 535 4056 Sic
548 4005 623 4056 etiam
634 4007 714 4056 nostri
756 3937 947 4072 -qaqpvQ
991 3941 1023 4071 1))
1037 3957 1131 4070 οαῖἰῐτοὲιν
1147 3976 1208 4055 'om
1234 4007 1262 4056 V.
1285 4033 1319 4042 —-
1369 3971 1373 3978 ι

148 4076 281 4144 Epitomes
299 4074 358 4125 Cdd.
376 4075 456 4134 ΒΟΙ),
474 4071 573 4136 ἑαυτῆς
592 4078 617 4122 et
633 4069 715 4138 αὐτῆς
757 4071 784 4134 2)
798 4074 890 4124 τοῦθ.

148 4143 242 4194 ibidem
260 4143 292 4192 al.
310 4157 349 4206 ap.
362 4141 431 4203 Oct,
449 4137 544 4197 αὐτοῖς
555 4141 625 4207 Epit.
646 4141 713 4204 vulg.
809 4141 868 4206 (lap.
885 4141 952 4190 XCI.
989 4135 1015 4205 1)
1038 4135 1088 4203 τὴν
1105 4134 1157 4203 σὴν
1173 4133 1260 4197 ὅντως
1274 4157 1318 4192 τε·

149 4213 226 4264 Vocc.
247 4206 297 4262 τὸν
314 4207 383 4260 νοῦν
404 4207 503 4272 ἑαυτῆς
519 4208 646 4258 Homiliae
665 4223 715 4257 non
757 4207 948 4259 κοῦσανΗοιη.
970 4206 1076 4256 Retineo
1089 4201 1201 4264 οὗτωςα
1215 4207 1319 4258 librario

149 4281 296 4342 umescunt.
313 4295 347 4310 -·-
366 4273 396 4335 2)
416 4272 448 4327 τὸ
461 4271 620 4342 πρόσωπον
632 4271 716 4339 αὐτῆς
757 4276 821 4325 male
842 4273 1032 4355 transpositum:
1047 4301 1081 4308 —
1100 4269 1129 4340 2)
1150 4275 1195 4325 καὶ
1212 4273 1318 4344 ἐνέγκαι

149 4362 197 4397 scr.
211 4339 328 4408 0.-3)
342 4343 426 4395 τοῦτο
440 4339 636 4408 Ἶ.-4)ἡδέ
646 4356 715 4411 φησι
758 4338 1318 4410 cmv.-3l011c‘rpcriqiqcrdcvoca
