3126 4894
579 331 734 380 EPITOME
751 332 894 382 ALTERA.

214 1555 316 1610 CLXI.
353 1555 467 1610 Etenim
478 1560 544 1628 post
559 1555 674 1612 Petrum
690 1555 882 1628 apostolorum
894 1555 1051 1628 principem
1064 1555 1203 1612 ecclesiae
1215 1556 1317 1613 Roma·

143 1641 243 1679 norum
255 1623 370 1704 praesul
382 1641 497 1678 numero
509 1625 611 1678 tertius
628 1624 759 1696 magistri
776 1624 906 1679 doctrina
918 1631 1049 1679 accurate
1062 1624 1187 1679 imbutus
1200 1626 1317 1708 eiusque

146 1691 281 1763 vestigirs
300 1692 478 1745 incessanter
497 1709 527 1746 se
547 1709 618 1746 uens
631 1709 665 1746 ac
684 1692 781 1746 divina
799 1692 941 1762 sapientia
956 1698 1042 1762 atquc
1055 1693 1149 1764 gratia
1160 1692 1262 1764 plenus
1275 1700 1318 1748 rta

144 1759 270 1813 moribus
290 1763 404 1812 ornatus
426 1709 601 1830 effulgebat,
624 1765 657 1812 ut
677 1759 807 1813 omnibus
819 1753 922 1814 'omnia
942 1759 1036 1814 factus
1057 1766 1172 1840 propter
1192 1761 1315 1816 omnium

144 1827 267 1880 salutem
283 1826 398 1879 ludaeis
417 1832 446 1879 et
463 1827 621 1897 gentilibus
634 1832 663 1881 et
679 1827 734 1881 toti
747 1826 971 1881 Christianorum
988 1827 1067 1898 plebi
1078 1828 1221 1898 placeret,
1238 1833 1268 1881 ct
1280 1828 1316 1882 ab

144 1893 276 1948 omnibus
297 1901 407 1947 amatus
429 1899 547 1948 cunctos
571 1911 667 1962 amore
693 1912 790 1948 versus
815 1893 957 1948 Christum
983 1901 1151 1950 connectere
1175 1895 1316 1949 studebat.

145 1961 220 2016 Nam
237 1960 398 2031 diligebant
415 1961 530 2030 quidem
548 1979 611 2015 eum
629 1962 767 2032 gentiles,
786 1962 925 2032 quianon
943 1980 1092 2017 exsecrans
1112 1963 1163 2017 sed
1178 1963 1316 2017 rationem

144 2029 269 2082 reddens
291 2045 325 2081 cx
342 2045 436 2082 eorum
459 2028 552 2096 libris,
574 2029 718 2108 mysteriis
741 2035 770 2083 et
791 2031 975 2084 caeremoniis
993 2030 1177 2098 ostendebat,
1193 2031 1243 2084 ubi
1255 2030 1316 2084 nati

145 2101 243 2150 essent
259 2096 390 2165 undeque
406 2096 580 2166 prodiissent
598 2097 633 2163 ri,
652 2114 722 2177 quos
740 2097 808 2151 deos
844 2103 960 2152 utarcnt
977 2104 1006 2152 et
1022 2099 1164 2165 colerent,
1177 2115 1316 2168 quaenam

145 2164 232 2218 etiam
246 2163 375 2234 egissent
385 2169 473 2232 utque
485 2169 586 2232 postea
599 2164 761 2232 desiissent,
775 2116 843 2218 evid

143 2231 211 2284 ebat
224 2231 357 2300 ipsosque
370 2231 494 2302 gentiles
506 2231 618 2285 veniam
631 2249 647 2285 a
659 2231 723 2286 Deo
733 2240 917 2286 consecutum
928 2233 963 2286 iri
973 2233 1103 2300 docebat,
1118 2233 1142 2284 si
1152 2234 1188 2288 ab
1202 2233 1315 2287 illorum

144 2298 225 2352 cultu
238 2297 423 2352 abstinerent.

212 2363 328 2418 CLXII.
363 2359 449 2435 'Apud
469 2365 590 2418 Iudaeos
611 2371 706 2419 autem
727 2365 781 2419 hoc
802 2367 885 2419 modo
907 2366 962 2420 sibi
980 2367 1101 2436 gratiam
1123 2367 1314 2436 comparabat,

143 2433 372 2502 quandoquidem
384 2439 479 2502 patres
493 2449 588 2486 eorum
604 2433 817 2487 demonstrabat
833 2433 940 2488 amicos
954 2433 1008 2486 Dei
1026 2433 1171 2486 exstitisse
1190 2434 1315 2488 declara·

142 2501 250 2568 batque
263 2501 357 2571 legem
370 2517 465 2554 eorum
478 2505 606 2554 sanctam
619 2517 682 2554 esse
695 2506 724 2554 et
737 2500 971 2565 sacratissimam,
985 2499 1104 2553 adhaec
1117 2500 1182 2554 illos
1194 2501 1314 2570 primum

143 2568 238 2621 locum
250 2568 325 2636 apud
339 2567 432 2621 Deum
444 2585 512 2622 acce
534 2573 626 2634 turos,
645 2569 667 2620 si
685 2567 760 2638 legis
779 2585 845 2622 suae
864 2572 1041 2621 sacramenta
1059 2574 1217 2632 servarent,
1234 2568 1315 2620 mini-

141 2651 244 2704 meque
253 2635 384 2706 negando
395 2635 501 2689 factam
508 2586 640 2690 Abrahae
650 2635 863 2716 promissionem
876 2635 1046 2705 completam
1056 2634 1145 2688 fuisse
1155 2635 1185 2688 in
1191 2634 1314 2702 Christo,

160 2702 219 2755 uod
236 2703 266 2754 in
292 2702 399 2756 semine
419 2701 551 2756 Abrahae
572 2703 749 2773 promisisset
765 2703 845 2756 Deus
867 2707 985 2756 cunctas
1010 2707 1112 2773 gentes
1137 2701 1314 2756 haereditate

142 2719 264 2836 donare,
283 2771 454 2840 completum
475 2787 586 2840 quoque
613 2771 686 2824 illud
711 2771 785 2840 quod
813 2769 850 2824 ad
873 2769 1014 2824 Davidem
1039 2769 1123 2834 dixit:
1154 2773 1198 2822 Dc
1215 2773 1315 2836 fructa

141 2839 301 2890 contristat
319 2856 424 2906 ponant
440 2855 522 2906 cuper
539 2839 627 2891 aedem
645 2847 737 2905 taarn,·
760 2838 917 2907 iterumque
938 2855 990 2908 per
1009 2836 1124 2890 Esaiam
1143 2836 1314 2907 Prophetam

142 2903 219 2974 quod
239 2905 322 3022 {drgo
334 2906 363 2957 a'n
376 2913 453 2958 ate—ro
466 2906 599 2975 correipa'ct
615 2915 639 2959 et
651 2907 747 2976 pariet
756 2907 850 2975 filiam
868 2913 892 2960 et
908 2906 1050 2958 vocabitur
1066 2922 1162 2958 acmen
1179 2913 1235 2958 eius
1246 2907 1314 2958 Em-

141 2989 260 3025 manne.

212 3037 355 3091 CLXIII.'
377 3037 405 3091 A
422 3035 592 3092 Christianis
609 3053 676 3090 vero
698 3039 763 3094 ideo
781 3046 810 3094 et
830 3040 923 3112 magia
942 3039 1117 3112 diligebatur
1134 3039 1200 3109 quia
1218 3039 1313 3111 singu·

142 3107 233 3160 larum
245 3105 392 3176 regionum
404 3121 543 3175 pauperes
555 3103 722 3160 nominatim
733 3107 859 3162 habebat
873 3108 993 3178 scriptos
1007 3113 1036 3162 et
1048 3125 1110 3174 eos,
1124 3125 1194 3176 quos
1206 3107 1314 3177 baptis·

141 3175 227 3226 matis
252 3173 441 3226 sanctimonia
468 3173 673 3238 illustraverat,
702 3192 758 3228 non
788 3175 901 3228 sinebat
927 3175 1072 3244 publicam
1099 3175 1314 3229 mendicitatem

141 3241 244 3294 subire.
281 3240 454 3304 Quotidiana
477 3245 572 3294 autem
592 3240 805 3319 praedicatione
827 3241 985 3294 mediocres
1005 3259 1038 3295 ac
1060 3242 1164 3294 divites
1181 3242 1312 3295 admone·

139 3308 200 3373 bat,
213 3324 249 3360 ne
262 3313 427 3377 paterentur
437 3308 580 3378 baptismo
593 3306 768 3362 illuminatos
781 3325 919 3387 pauperes
932 3325 949 3360 a
960 3308 1074 3361 Iudaeis
1092 3315 1141 3361 aut
1154 3308 1313 3378 gentilibus

140 3375 273 3495 publicos
295 3375 375 3454 cibos
396 3376 577 3455 acciperenet
599 3375 685 3429 vitam
712 3375 893 3445 baptismatis
918 3375 1130 3428 consecratione
1150 3375 1313 3428 mundatam

161 3443 603 3578 onldlfilllmldiunililslqddidirique
627 3509 756 3578 pluribus
779 3509 917 3563 virtutum
940 3507 1057 3562 floribus
1083 3525 1146 3562 cum
1166 3507 1230 3586 Deo
1253 3513 1313 3561 tum

140 3577 254 3631 cunctis
271 3581 365 3630 mente
382 3577 520 3647 praeditis
537 3576 699 3630 hominibus
716 3577 864 3648 placebat3
884 3594 949 3630 nam
961 3581 1055 3630 mente
1074 3575 1235 3629 carentrbus
1253 3575 1313 3645 pla·

140 3661 206 3698 cere
223 3661 281 3698 non
298 3649 393 3714 potest
409 3645 452 3711 id,
475 3643 551 3714 quod
567 3643 630 3698 Deo
651 3644 764 3714 placere
788 3644 931 3715 probatur.
966 3642 1062 3714 Atque
1083 3643 1147 3696 ideo
1168 3642 1313 3696 hominum

138 3711 261 3766 rationis
284 3712 440 3781 expertium
465 3711 651 3765 contumelias
672 3713 756 3765 veriti
776 3730 833 3766 non
854 3718 919 3766 sunt
940 3711 976 3779 ii,
998 3711 1100 3781 quibus
1121 3709 1215 3766 animo
1238 3710 1314 3764 sedit

139 3795 319 3849 nequaquam
333 3779 434 3834 timere
451 3779 531 3846 illos,
550 3779 598 3848 qui
616 3795 701 3850 aegre
718 3779 826 3848 ferrmt,
845 3786 966 3850 suntque
984 3796 1099 3834 numero
1111 3778 1217 3848 plures.
1252 3777 1313 3843 Quo

191 4035 252 4102 Cap.
277 4035 366 4086 CLXI.
407 4031 434 4102 1)
463 4029 592 4105 δεύτερος
618 4035 648 4086 0.
671 4061 706 4071 -
748 4037 780 4087 V.
798 4063 831 4070 —
850 4032 877 4099 3)
901 4031 973 4102 πρὸς
992 4035 1043 4084 des.
1061 4034 1089 4082 in
1108 4033 1137 4082 Ο.
1158 4061 1192 4068 -
1211 4028 1239 4098 4)
1261 4029 1312 4085 τὸν

139 4100 168 4170 2)
180 4105 227 4154 καὶ
238 4097 437 4173 λατρευόμενοι
446 4119 494 4152 om.
507 4103 536 4152 0.
747 4097 856 4168 θρόνον
869 4103 898 4152 0.
922 4104 963 4151 Ps.
977 4097 1133 4160 131,11.-
1146 4097 1171 4163 5)
1184 4101 1217 4149 Is.
1231 4097 1254 4160 7,
1270 4097 1311 4148 ll.

192 4237 368 4302 eachxn.
397 4232 425 4303 1)
437 4236 477 4285 Ita
490 4235 637 4302 martyrium
649 4235 705 4284 Ole-
749 4170 859 4287 cchaAL
881 4168 995 4219 CLXIII.
1032 4163 1058 4228 l)
1079 4167 1314 4235 mmmmm

139 4305 231 4354 mentis
243 4303 311 4369 apud
323 4304 386 4366 (iot,
397 4303 433 4366 τῇ
435 4321 448 4361 ς
459 4303 647 4366 Παλαιστίνης
659 4303 705 4353 OV
800 4303 859 4369 Cap.
879 4302 993 4353 CLXIV.
1028 4295 1054 4367 1)
1066 4300 1107 4349 Ita
1117 4301 1195 4364 vulg,
1209 4293 1312 4368 ἔφοβὴ·

139 4376 164 4422 et
176 4371 221 4422 alii
232 4387 272 4438 ap.
289 4371 343 4422 Cot.
360 4399 393 4406 -
410 4368 435 4435 2)
454 4365 612 4440 capaicores,
625 4369 655 4422 ἐν
668 4368 707 4437 τῷ
750 4376 842 4436 θησαν
854 4372 901 4422 OV
913 4375 938 4420 et
949 4369 994 4419 alii
1005 4385 1044 4435 ap.
1058 4369 1111 4419 Oct.

842 2165 998 2219 entissimis
1015 2167 1193 2220 documentis
1206 2166 1316 2220 adstru·
1388 2229 1393 2236 Ι
