3126 4894
262 323 325 388 210
731 337 958 439 οεεκειιττκε

266 495 295 557 ίν
310 491 393 594 ιωρίιρ
406 488 510 596 ἡμόρας
524 485 570 553 καλ
584 490 683 563 νυκτός
697 485 741 553 4’446
760 493 795 570 τῇ
809 493 860 553 τοῦ
878 489 988 569 πατρὸς
1002 486 1078 594 ν’γμρῦν
1092 487 1139 552 διὰ
1157 491 1208 552 τοῦ
1226 485 1272 570 ἀγ
1266 487 1307 550 ὀν
1320 490 1442 590 βαπτίσ-

265 599 355 658 ματος
369 572 555 682 ἀναγεηνὴσει,
571 573 609 636 ότι
620 599 650 637 τε
660 569 708 638 καλ
722 573 772 637 τὸν
783 583 865 678 θεῖρν
878 572 960 674 λόγον
974 573 1055 676 παρά
1068 572 1215 680 Πίτροιᾘ
1195 571 1376 677 4444446444444.
1390 569 1441 634 καῖ

264 659 430 766 ποιήσαντες
451 655 496 722 ἐπὶ
518 658 550 723 τὸ
573 657 642 722 αὐτὸ
663 657 763 763 χρόγον
785 657 847 722 τινά
866 662 938 721 πάσι
957 655 1150 759 κατάδηλα’
1117 682 1209 740 γεγονε
1223 656 1261 720 46
1275 657 1347 720 καθ’
1362 653 1442 762 ίγμηῖς

265 740 312 806 καὶ
326 745 354 807 ἐν
370 753 428 814 τοῖς
442 740 577 806 ἁπάντων
590 739 662 844 ι’γμεν
677 741 811 822 στόμασιν
831 741 1001 814 διαπαντός·
1022 767 1069 805 και
1060 737 1255 844 ’ἐθαόμαζῳν
1272 740 1379 812 πάντες·
1393 737 1442 803 ἐπὶ

265 832 335 890 πᾶσι
357 836 416 898 τοῖς·
433 826 630 928 συμβεβηκόσιν
648 824 724 908 ἡμῖν,
747 823 794 889 καὶ
812 825 862 908 τὴν
881 829 932 889 τοῦ
945 829 1018 890 θεοῦ
1031 826 1071 898 είς
1088 822 1165 930 η’μᾶς
1180 823 1353 906 βοίθειαΓ
1337 820 1382 888 επὶ
1398 828 1442 903 τῷ

266 911 465 1010 ἀναγνωρισμῳ
480 937 558 1014 ημων
574 908 833 1016 [ε’μεγολλυνοι]9
794 935 850 973 των
863 914 961 992 μακρῷ
975 908 1066 991 χρόνῳ
1079 907 1123 972 ἀπ
1121 907 1274 990 ’ἀλλήλων
1284 911 1440 990 χωρισθίι·

265 1021 322 1106 των
337 1020 383 1057 και
376 990 535 1056 τεθνάναι
550 993 748 1074 νομισθέντων.

292 1091 473 1164 CXLIII.
518 1098 578 1165 K446
597 1101 696 1166 τοῦτον
714 1103 854 1203 βοωμένου
876 1102 951 1166 κατὰ
970 1105 1068 1166 πᾶσαν
1089 1101 1139 1184 τὴν
1160 1100 1253 1177 πόλιν,
1272 1067 1389 1206 μαθὼν
1400 1101 1440 1165 τὰ

265 1187 333 1252 καθ
343 1186 431 1288 ἡμᾶς
447 1183 464 1247 6
486 1191 536 1286 της
556 1184 754 1286 Ἀντιοχίων’
728 1186 848 1290 ηγεμώι
867 1183 932 1250 καλ1
955 1185 1111 1287 πάντατά
1130 1185 1323 1289 συμβεβηκότα
1347 1189 1389 1263 τῳ
1410 1211 1441 1249 τε

264 1267 351 1352 πατρί
373 1270 449 1353 ἡμων
471 1267 516 1334 καῖ
537 1275 570 1349 τῇ
590 1266 670 1351 μητρὶ
690 1296 737 1336 και
755 1270 798 1333 ὅτι
818 1273 960 1353 βασιλικοῦ
979 1273 1085 1374 γε’νους
1090 1267 1275 1350 ὑπάρχωσιν,
1299 1268 1439 1376 ἀνήγαγεν

264 1360 355 1418 ταῦτιι
370 1354 466 1418 πάντα
481 1354 649 1460 α’κριβωςτῳ
637 1359 768 1435 βασιλεῖ
779 1354 938 1437 Τιβεριῳ.’
919 1355 1044 1456 646641444
1057 1350 1113 1416 666
1101 1351 1311 1458 βασιλεὺς,’
1280 1379 1328 1416 οια
1339 1354 1440 1458 συνέβη

268 1437 395 1516 (θαῦστῳ
416 1441 456 1516 τῳ
479 1439 539 1516 ι’δάγι
561 1439 647 1500 αὐτοῦ
665 1449 800 1540 συγγενεῖ,
825 1440 946 1502 ἐκελενσε
968 1465 1007 1536 τῳ
1026 1437 1135 1536 ίγγεμόνι
1152 1441 1202 1519 της
1222 1438 1434 1517 Ἀντιοχείας
1406 1463 1440 1500 το

264 1522 350 1626 τάχος
365 1524 532 1586 ἀποστεῖλαι
552 1522 637 1585 αὐτὸν
657 1520 718 1602 ἅμα
738 1518 785 1585 καὶ
804 1526 853 1604 τῆς
866 1522 971 1626 μητρὸς
982 1521 1068 1602 ι’γμών.
1090 1521 1263 1624 δεξάμενος
1255 1519 1343 1584 646‘
1330 1523 1441 1626 ηγεμγῦν

264 1607 313 1688 την
328 1631 378 1669 του
366 1609 524 1688 βασιλίως
534 1608 661 1680 κελευσιν,
676 1605 971 1710 προσκαλεσάμεγοςῧ
946 1632 994 1669 τοι
1005 1608 1115 1686 πατίρα
1127 1604 1203 1687 ι’γμαῦν
1215 1601 1263 1669 καλ
1273 1603 1439 1709 τίγνμητίρα

264 1689 336 1770 μετὰ
355 1693 458 1770 πολλιγς
477 1693 575 1792 τιμγγς2
596 1685 643 1752 καλ
645 1691 830 1791 δορυφοριας
845 1691 926 1815 ‘⁷¹on
940 1690 988 1754 τόν
1009 1692 1150 1796 Καίσαρα
1176 1688 1302 1792 Τιβίριον
1323 1688 1441 1793 τοῦτονς

264 1773 416 1836 ἀπέστειλε.
431 1773 613 1852 θεασάμενος
624 1769 680 1835 δὲῦ
692 1773 853 1878 Καῖηαρ’
820 1799 868 1836 τον
877 1775 926 1836 τε3
939 1775 1050 1876 πατίρα
1063 1772 1141 1854 ημῶν
1152 1770 1199 1838 καὶ
1210 1774 1259 1878 τὴη
1269 1775 1377 1855 μητέρα
1391 1769 1439 1837 καί

264 1856 388 1964 ε’γτιγνοῦς
399 1854 508 1961 αὐιρύς,
519 1859 627 1936 μαθὼν
630 1854 666 1920 ’δὲ
675 1854 722 1919 καὶ
736 1883 773 1920 τα
760 1857 976 1940 συμβεβηκότα
991 1859 1087 1930 αὐτοῖς
1101 1858 1226 1940 ε’ξέστη’
1212 1883 1256 1920 επι
1248 1853 1439 1957 ’τοῦτο,*’
1390 1885 1439 1920 και

265 1939 403 2048 ε’πιπεσῳν
418 1936 461 2041 4⁹46
477 1940 525 2003 τὸν
536 1940 721 2020 τράχηλιιν
689 1967 774 2004 αυτου
763 1943 919 2005 ἔκλαυσεν
915 1941 1083 2045 σφόδρα’
1067 1943 1187 2024 επισγών
1201 1938 1231 2005 δὲ
1245 1947 1295 2005 τοῦ
1310 1943 1439 2014 πένθους

265 2027 317 2126 ἔφη
308 2025 402 2106 γπρὸς
416 2050 465 2104 την
479 2023 640 2106 σύγκλητον
656 2050 701 2107 συγ
703 2051 778 2122 χαρι
769 2051 809 2106 τε
823 2051 870 2106 μοι
881 2024 985 2098 πάντες·
996 2022 1042 2089 καὶ
1054 2027 1145 2124 κρινίγν
1154 2025 1250 2109 εὀρτίγν
1261 2052 1439 2133 κροτιγσωμεν

265 2105 310 2172 ε’πὶ
303 2113 354 2208 44
368 2109 505 2188 ἀνενρείιει
520 2107 655 2170 Φαῦστον
669 2136 714 2171 και
729 2110 953 2213 ιλλατθιδιάς,5”
935 2135 979 2173 οτι
989 2135 1079 2189 νεκροι
1071 2105 1259 2216 νομιζόμενοι
1270 2110 1439 2208 ἀνέστησαν,

265 2219 311 2254 και
303 2188 505 2296 ’ἀπολωλόιες
519 2189 684 2292 εὑρέθησαν.
704 2189 751 2256 καὶ
765 2194 886 2300 44444'664
898 2193 1016 2298 εὐιηχιάν
1031 2198 1064 2274 44
1081 2193 1170 2276 ι’γμίρρι
1185 2197 1302 2274 ἐκείνην
1292 2193 1441 2274 Καῖσαρ

264 2275 401 2378 μεγάλως
406 2276 508 2346 αὐτοὺς
522 2275 743 2381 ἐφιλοφρόνησεν
759 2273 806 2340 καὶ
820 2282 854 2357 τῇ
871 2279 982 2357 ε’πιοόση
993 2278 1291 2383 πριισηαλεσάγιευος’
1264 2303 1314 2382 τρι
1325 2280 1440 2358 πατέρα

263 2358 354 2460 ημοῦν
355 2355 402 2422 καλ
422 2359 471 2464 τἠν
488 2361 593 2462 μητέρα
608 2362 771 2466 δε’δωκεη’
739 2372 833 2434 αυτοῖς
847 2361 976 2462 χρηματα
996 2362 1087 2424 πολλὰ
1106 2359 1153 2424 καί
1168 2361 1314 2466 ἰματισμόγ
1330 2361 1441 2434 παῖδάς

264 2469 294 2507 τε
308 2470 355 2506 και
346 2440 520 2516 ’παιδίσκας
534 2441 582 2508 καὶ
595 2445 754 2547 ’περιουσίυιν
775 2444 895 2525 άφατον.
915 2444 1038 2547 ὐπηρχον
1057 2441 1121 2508 δὲ’
1105 2473 1133 2508 εν
1151 2446 1255 2528 μεγάλη
1275 2445 1342 2526 δόξη
1357 2473 1439 2527 τιμε»

261 2553 337 2607 μενοι
359 2529 440 2608 παρὰ
465 2528 595 2603 πάντων,
617 2529 737 2611 εὐσεβῶς
760 2533 906 2632 βιοῦντες,
918 2527 965 2593 καὶ
992 2529 1082 2592 ιιολλά
1103 2530 1168 2602 τοῦς
1186 2531 1314 2610 πτωχοὺς
1336 2531 1439 2634 εὐεργε-

262 2615 373 2681 τοῦττες
401 2611 618 2694 καθ’ἑκάστην.
647 2612 778 2694 ζησαντες
803 2612 833 2676 δὲ
855 2609 955 2695 χρόνω
977 2615 1026 2676 οὐκ
1048 2613 1152 2696 ὀλίγον,
1175 2613 1271 2676 πάντα
1293 2615 1331 2678 τά
1350 2613 1438 2718 ῦπάρ

261 2720 348 2775 γοντα
371 2695 466 2770 αὐτοῖς
487 2706 545 2800 τοῖς
570 2699 705 2776 δεομένοις
727 2698 955 2802 646444'44444444’
939 2725 968 2761 εν
994 2725 1025 2780 γι
1016 2697 1086 2778 ρειθ
1108 2703 1185 2777 καλιγῦ
1205 2699 1276 2780 πρὸς
1295 2699 1344 2762 τόν
1363 2698 1438 2762 θεὸν

260 2778 432 2876 ἐξεδήμησιιν
452 2780 623 2860 μνημόσυνον
643 2781 728 2844 καλὸν
749 2781 797 2844 τόν
819 2782 926 2846 εἀντιῦν
947 2784 1007 2864 βίον
1031 2782 1232 2886 καταλιπόντες
1253 2787 1287 2863 44
1309 2784 1438 2865 πολιτεία

260 2859 416 2941 Ρωμαίων.

346 2969 485 3028 CXLIV.
522 2972 592 3052 Ἐγώ
609 2973 658 3050 μίν
680 2997 722 3034 τοι
737 2973 859 3078 Κλημης
877 2970 925 3036 καὶ
945 2974 1067 3046 Ἀκύλας
1087 3001 1134 3037 και
1126 2971 1306 3057 ’Νικητης’
1289 2977 1438 3056 εμείναμεν

259 3052 330 3132 μετὰ
345 3077 395 3114 του
383 3053 569 3116 ἀποστόλου
584 3057 744 3159 Πετρρυ,’
729 3083 757 3119 εν
775 3063 815 3136 τῴ
835 3059 906 3155 θείῳ
930 3058 1080 3140 κηρόγγιατι
1098 3059 1241 3130 πλεάιταις
1259 3085 1366 3158 κῳμαις
1388 3058 1438 3123 καλ

260 3135 390 3199 πόλεσιν1
413 3135 641 3218 εὐαγγελιζόμενοι
655 3138 703 3202 τὸν
717 3139 844 3221 λόγον
812 3167 862 3222 της
877 3142 1024 3240 ἀληθείας.
1041 3143 1152 3222 Πέτρος
1166 3141 1223 3206 δὲ
1211 3168 1228 3204 ο
1241 3169 1292 3206 του
1279 3147 1438 3222 Χριστοῦ

260 3219 419 3292 ἀπόστολος
440 3221 558 3292 πολλοῦς
584 3222 717 3295 ἀσθενεῖς
741 3225 935 3330 θεραπεύσας
950 3223 997 3289 καὶ
1023 3230 1243 3305 δαιμονιοῦιταςῖ
1272 3227 1436 3308 ἰασάμενος,

259 3303 369 3383 νεκροῦς
383 3305 433 3367 τε3
448 3305 596 3376 ποθοῦς’
579 3331 743 3388 αναστησας
757 3313 791 3387 κη’
807 3314 857 3372 τοῦ
872 3311 965 3389 κυρίου
978 3310 1067 3412 Ἰησοῦ
1079 3315 1204 3390 Χριστοῦ
1219 3311 1342 3391 δυνάμει,
1358 3314 1436 3376 κατά

260 3388 351 3459 πόλεις
366 3385 412 3451 καὶ
426 3388 519 3468 χώρας
533 3345 706 3472 παναλαβιόν
720 3417 755 3470 με
768 3393 846 3474 με’χρι
858 3391 1008 3494 Ριύμης
975 3420 1060 3494 αντιγς
1071 3399 1214 3475 κατῆλθεν
1226 3395 1304 3458 κάκει
1297 3397 1435 3476 κηρῦξαι

260 3473 308 3535 τὸν
328 3497 376 3552 τιγς
397 3473 535 3552 ἀληθειας
554 3473 643 3555 λόγον.
664 3475 907 3579 παραγενόμενιις
906 3473 936 3540 66
955 3504 1002 3541 και
994 3474 1189 3541 εισελθών’
1174 3505 1250 3559 εντη
1241 3479 1344 3543 πόλει
1359 3482 1433 3543 καθ’

259 3554 377 3635 ἑκάστην
392 3557 564 3654 ἐδιδασκεν’
549 3585 577 3620 εν
592 3568 655 3658 ταῖς
669 3570 842 3640 συναγωγαῖς
861 3557 907 3622 καί
930 3560 958 3624 ἕν
972 3571 1031 3632 τοῖς
1045 3559 1129 3634 οἴκοις
1142 3563 1191 3624 τὸν
1205 3563 1337 3645 λόγον
1302 3590 1353 3646 της
1369 3564 1436 3668 ἀλη-

259 3638 352 3710 θείας,
368 3664 413 3701 και
406 3635 547 3710 ’πολλοῦς
562 3641 734 3746 προσήγαγεν
749 3646 795 3704 διὰ
809 3647 859 3705 τοῦ
871 3643 951 3724 ἁγίου
961 3647 1158 3751 βαπτιλτματρς
1169 3672 1209 3724 τῳ
1197 3651 1338 3752 Χριστηῖ
1352 3647 1436 3730 μεγά-

258 3726 323 3788 λους
336 3745 366 3780 τε
381 3717 428 3782 καί
441 3723 561 3824 μικρούς,
576 3724 671 3786 ἔπειτα
682 3722 729 3786 καὶ
743 3729 799 3786 τοῖν
810 3726 953 3825 εὐγενίδων
959 3733 1099 3833 γυναικών
1110 3730 1163 3801 τὰς
1174 3741 1344 3833 περιφανεῖς,
1360 3731 1437 3796 ὥστε

257 3805 286 3864 6
291 3803 384 3903 ὀλίγῳ
403 3803 492 3900 χρόνῳ
505 3832 602 3884 μικρου
589 3811 672 3869 δεῖν
676 3815 872 3911 προσδραμεῖν
887 3836 926 3889 τῳ
949 3810 1019 3893 ἀγίῳ
1037 3816 1212 3909 βαπτισματι
1226 3811 1274 3878 καὶ
1288 3819 1437 3880 πιστεῦσαι

257 3883 368 3956 πάντας
382 3890 422 3964 τῷ
437 3891 499 3966 θεῷ
514 3889 608 3952 διά
574 3913 625 3970 της
639 3895 688 3954 τοῦ
703 3893 862 3956 ἀποστόλου
877 3887 1072 3968 διδασκαλιλκς.

343 3999 465 4060 CXLV.
510 4004 598 4106 'AM
614 4008 742 4109 Πέτρης1
756 4005 930 4114 ὁμακάριης
945 4037 995 4074 του
982 4013 1127 4116 4444'044²
1142 4013 1311 4090 ἀπόστολος,
1326 4013 1364 4078 6³
1387 4017 1436 4121 διβτ

258 4079 307 4158 τἠν
328 4081 484 4164 ἀληθινὴν*
503 4088 593 4151 πίστιν
613 4087 660 4152 καὶ
678 4090 727 4169 τἠν
745 4091 986 4196 ἀσφαλεστάτην
983 4096 1069 4180 αὐτοῦ
1083 4123 1138 4202 της
1160 4098 1380 4171 444404444‘44
1366 4099 1436 4165 υπό-

257 4168 384 4222 θεσιν
352 4189 401 4266 τιγς
415 4169 559 4269 ἐκκλησίας
574 4173 703 4251 θεμελιος
696 4173 811 4236 μεῖναι
798 4172 925 4255 οραιθελς
939 4174 986 4240 καὶ
1005 4180 1039 4241 δι’
1056 4181 1126 4244 αὐτὸ
1147 4185 1230 4245 τοῦτο
1250 4179 1297 4246 ὐπ’
1322 4183 1437 4248 αὐτοῦῧ

257 4246 307 4306 τοῦ
321 4247 444 4350 κυρίου
425 4246 502 4328 ημιῦν
518 4250 605 4352 Ἰησοῦ
621 4259 745 4332 Χριστοῦ
759 4281 808 4320 του
795 4259 960 4338 ἀληθινοῦ
975 4267 1047 4326 θεοῦ
1042 4264 1181 4367 4444444
1190 4265 1309 4346 στόματι
1320 4293 1436 4374 μετονο-

256 4334 379 4401 μασθεις
395 4330 551 4407 [λε’τρος·
538 4358 554 4391 ν
544 4334 685 4417 ,ἀπαρχη
699 4341 748 4399 τοῦ
763 4343 855 4421 κυρίου
870 4360 961 4423 ημων
982 4343 998 4407 6
1014 4351 1070 4411 τῶν
1086 4348 1256 4414 ἀποστόλων
1271 4355 1395 4432 πρώτος,
1411 4346 1436 4432 ᾧ
