<?xml version="1.0" encoding="UTF-8"?>
<!DOCTYPE html PUBLIC "-//W3C//DTD XHTML 1.0 Transitional//EN"
    "http://www.w3.org/TR/xhtml1/DTD/xhtml1-transitional.dtd">
<html xmlns="http://www.w3.org/1999/xhtml" xml:lang="en" lang="en">
 <head>
  <title>
</title>
<meta http-equiv="Content-Type" content="text/html;charset=utf-8" />
  <meta name='ocr-system' content='tesseract 3.04.00' />
  <meta name='ocr-capabilities' content='ocr_page ocr_carea ocr_par ocr_line ocrx_word'/>
</head>
<body>
  <div class='ocr_page' id='page_1' title='image "./clementinorumep00dresgoog_0314.png"; bbox 0 0 3162 4900; ppageno 0'>
   <div class='ocr_carea' id='block_1_1' title="bbox 386 347 1345 414">
    <p class='ocr_par' dir='ltr' id='par_1_1' title="bbox 386 347 1345 414">
     <span class='ocr_line' id='line_1_1' title="bbox 386 347 1345 414; baseline 0.008 -12"><span class='ocrx_word' id='word_1_1' title='bbox 386 355 432 403; x_wconf 76' lang='lat' dir='ltr'><strong>an</strong></span> <span class='ocrx_word' id='word_1_2' title='bbox 443 354 640 405; x_wconf 78' lang='lat' dir='ltr'><strong>cusunnrrs</strong></span> <span class='ocrx_word' id='word_1_3' title='bbox 654 357 734 406; x_wconf 83' lang='lat' dir='ltr'><strong>nou.</strong></span> <span class='ocrx_word' id='word_1_4' title='bbox 750 359 843 414; x_wconf 75' lang='lat' dir='ltr'><strong>curn</strong></span> <span class='ocrx_word' id='word_1_5' title='bbox 856 359 933 409; x_wconf 80' lang='lat' dir='ltr'><strong>sss.</strong></span> <span class='ocrx_word' id='word_1_6' title='bbox 946 360 1122 410; x_wconf 73' lang='lat' dir='ltr'><strong>sommae.</strong></span> <span class='ocrx_word' id='word_1_7' title='bbox 1282 347 1345 410; x_wconf 84' lang='grc'><strong>293</strong></span> 
     </span>
    </p>
   </div>
   <div class='ocr_carea' id='block_1_2' title="bbox 165 501 1385 1522">
    <p class='ocr_par' dir='ltr' id='par_1_2' title="bbox 165 501 1348 980">
     <span class='ocr_line' id='line_1_2' title="bbox 237 501 1346 578; baseline 0.007 -24"><span class='ocrx_word' id='word_1_8' title='bbox 237 502 268 556; x_wconf 87' lang='lat' dir='ltr'><strong>P.</strong></span> <span class='ocrx_word' id='word_1_9' title='bbox 281 503 341 565; x_wconf 79' lang='grc'><strong>278,</strong></span> <span class='ocrx_word' id='word_1_10' title='bbox 354 503 371 554; x_wconf 90' lang='lat'>8</span> <span class='ocrx_word' id='word_1_11' title='bbox 384 519 453 556; x_wconf 86' lang='lat' dir='ltr'><strong>sane</strong></span> <span class='ocrx_word' id='word_1_12' title='bbox 465 501 549 556; x_wconf 90' lang='lat' dir='ltr'><strong>Hom.</strong></span> <span class='ocrx_word' id='word_1_13' title='bbox 563 501 693 557; x_wconf 90' lang='lat' dir='ltr'><strong>codicum</strong></span> <span class='ocrx_word' id='word_1_14' title='bbox 707 503 844 560; x_wconf 85' lang='lat' dir='ltr'><strong>lectione:</strong></span> <span class='ocrx_word' id='word_1_15' title='bbox 858 505 952 570; x_wconf 82' lang='grc' dir='ltr'><strong><em>ὅντως,</em></strong></span> <span class='ocrx_word' id='word_1_16' title='bbox 966 508 1146 575; x_wconf 81' lang='lat' dir='ltr'><strong>probabilior</strong></span> <span class='ocrx_word' id='word_1_17' title='bbox 1158 508 1271 563; x_wconf 86' lang='lat' dir='ltr'><strong>videtur</strong></span> <span class='ocrx_word' id='word_1_18' title='bbox 1279 509 1346 578; x_wconf 84' lang='lat' dir='ltr'><strong>Epi-</strong></span> 
     </span>
     <span class='ocr_line' id='line_1_3' title="bbox 167 567 1346 646; baseline 0.008 -24"><span class='ocrx_word' id='word_1_19' title='bbox 167 577 259 622; x_wconf 89' lang='lat' dir='ltr'><strong>tomes</strong></span> <span class='ocrx_word' id='word_1_20' title='bbox 279 570 427 639; x_wconf 87' lang='lat' dir='ltr'><strong>utriusque</strong></span> <span class='ocrx_word' id='word_1_21' title='bbox 446 567 477 623; x_wconf 88' lang='lat' dir='ltr'>C.</span> <span class='ocrx_word' id='word_1_22' title='bbox 490 567 557 622; x_wconf 88' lang='lat' dir='ltr'>XCI</span> <span class='ocrx_word' id='word_1_23' title='bbox 577 572 733 639; x_wconf 86' lang='lat' dir='ltr'><strong>scriptura:</strong></span> <span class='ocrx_word' id='word_1_24' title='bbox 747 571 843 635; x_wconf 78' lang='grc' dir='ltr'><strong><em>οὕτως,</em></strong></span> <span class='ocrx_word' id='word_1_25' title='bbox 857 591 949 643; x_wconf 85' lang='lat' dir='ltr'><strong>neque</strong></span> <span class='ocrx_word' id='word_1_26' title='bbox 968 582 1061 628; x_wconf 90' lang='lat' dir='ltr'><strong>tamen</strong></span> <span class='ocrx_word' id='word_1_27' title='bbox 1076 576 1226 631; x_wconf 77' lang='lat' dir='ltr'><strong>subscribo</strong></span> <span class='ocrx_word' id='word_1_28' title='bbox 1236 577 1346 646; x_wconf 89' lang='lat' dir='ltr'><strong>judicio</strong></span> 
     </span>
     <span class='ocr_line' id='line_1_4' title="bbox 168 636 1347 714; baseline 0.006 -24"><span class='ocrx_word' id='word_1_29' title='bbox 168 637 310 691; x_wconf 87' lang='lat' dir='ltr'><strong>Dresselii</strong></span> <span class='ocrx_word' id='word_1_30' title='bbox 332 639 361 690; x_wconf 91' lang='lat' dir='ltr'><strong>in</strong></span> <span class='ocrx_word' id='word_1_31' title='bbox 380 638 445 691; x_wconf 88' lang='lat' dir='ltr'><strong>adn.</strong></span> <span class='ocrx_word' id='word_1_32' title='bbox 466 637 480 690; x_wconf 91' lang='lat'>1</span> <span class='ocrx_word' id='word_1_33' title='bbox 503 637 540 690; x_wconf 89' lang='lat' dir='ltr'><strong>ad</strong></span> <span class='ocrx_word' id='word_1_34' title='bbox 557 636 634 705; x_wconf 89' lang='lat' dir='ltr'><strong>Epit.</strong></span> <span class='ocrx_word' id='word_1_35' title='bbox 652 638 733 694; x_wconf 86' lang='lat' dir='ltr'><strong>alter.</strong></span> <span class='ocrx_word' id='word_1_36' title='bbox 751 637 782 693; x_wconf 91' lang='lat' dir='ltr'>C.</span> <span class='ocrx_word' id='word_1_37' title='bbox 800 639 868 694; x_wconf 92' lang='lat' dir='ltr'>XCI</span> <span class='ocrx_word' id='word_1_38' title='bbox 896 641 1016 708; x_wconf 87' lang='lat' dir='ltr'><strong>prolato.</strong></span> <span class='ocrx_word' id='word_1_39' title='bbox 1051 643 1154 698; x_wconf 71' lang='lat' dir='ltr'><strong>Rotius</strong></span> <span class='ocrx_word' id='word_1_40' title='bbox 1176 645 1250 698; x_wconf 88' lang='lat' dir='ltr'><strong>enim</strong></span> <span class='ocrx_word' id='word_1_41' title='bbox 1271 645 1347 714; x_wconf 92' lang='lat' dir='ltr'><strong>quod</strong></span> 
     </span>
     <span class='ocr_line' id='line_1_5' title="bbox 167 703 1346 779; baseline 0.003 -19"><span class='ocrx_word' id='word_1_42' title='bbox 167 705 257 766; x_wconf 80' lang='grc' dir='ltr'><strong><em>οὕτως</em></strong></span> <span class='ocrx_word' id='word_1_43' title='bbox 269 706 298 757; x_wconf 92' lang='lat' dir='ltr'><strong>in</strong></span> <span class='ocrx_word' id='word_1_44' title='bbox 310 705 334 758; x_wconf 87' lang='lat' dir='ltr'><strong>E</strong></span> <span class='ocrx_word' id='word_1_45' title='bbox 357 705 387 757; x_wconf 91' lang='lat' dir='ltr'><strong>it.</strong></span> <span class='ocrx_word' id='word_1_46' title='bbox 399 704 503 774; x_wconf 90' lang='lat' dir='ltr'><strong>prioris</strong></span> <span class='ocrx_word' id='word_1_47' title='bbox 515 703 584 758; x_wconf 90' lang='lat' dir='ltr'>XCI</span> <span class='ocrx_word' id='word_1_48' title='bbox 596 712 664 760; x_wconf 89' lang='lat' dir='ltr'><strong>ante</strong></span> <span class='ocrx_word' id='word_1_49' title='bbox 678 705 728 774; x_wconf 83' lang='grc' dir='ltr'><strong>τήν</strong></span> <span class='ocrx_word' id='word_1_50' title='bbox 740 727 771 762; x_wconf 91' lang='grc' dir='ltr'><strong><em>σε</em></strong></span> <span class='ocrx_word' id='word_1_51' title='bbox 785 711 922 764; x_wconf 78' lang='grc' dir='ltr'><strong>τεκοῦσαν</strong></span> <span class='ocrx_word' id='word_1_52' title='bbox 935 710 1107 763; x_wconf 87' lang='lat' dir='ltr'><strong>collocatum</strong></span> <span class='ocrx_word' id='word_1_53' title='bbox 1121 717 1177 779; x_wconf 81' lang='lat' dir='ltr'><strong>est,</strong></span> <span class='ocrx_word' id='word_1_54' title='bbox 1190 711 1346 765; x_wconf 77' lang='lat' dir='ltr'><strong>correctori</strong></span> 
     </span>
     <span class='ocr_line' id='line_1_6' title="bbox 168 725 1348 846; baseline 0.005 -20"><span class='ocrx_word' id='word_1_55' title='bbox 168 773 268 826; x_wconf 84' lang='lat' dir='ltr'><strong>deberi</strong></span> <span class='ocrx_word' id='word_1_56' title='bbox 282 725 460 838; x_wconf 65' lang='lat' dir='ltr'><strong>crediderim,</strong></span> <span class='ocrx_word' id='word_1_57' title='bbox 474 772 562 842; x_wconf 90' lang='lat' dir='ltr'><strong>quiin</strong></span> <span class='ocrx_word' id='word_1_58' title='bbox 574 772 625 827; x_wconf 93' lang='lat' dir='ltr'><strong>illo</strong></span> <span class='ocrx_word' id='word_1_59' title='bbox 637 774 780 828; x_wconf 90' lang='lat' dir='ltr'><strong>vocabulo</strong></span> <span class='ocrx_word' id='word_1_60' title='bbox 811 781 857 828; x_wconf 88' lang='lat' dir='ltr'><strong>ost</strong></span> <span class='ocrx_word' id='word_1_61' title='bbox 867 795 898 832; x_wconf 89' lang='grc' dir='ltr'><strong><em>σε</em></strong></span> <span class='ocrx_word' id='word_1_62' title='bbox 911 777 1005 846; x_wconf 90' lang='lat' dir='ltr'><strong>posito</strong></span> <span class='ocrx_word' id='word_1_63' title='bbox 1016 777 1183 832; x_wconf 86' lang='lat' dir='ltr'><strong>offenderet.</strong></span> <span class='ocrx_word' id='word_1_64' title='bbox 1192 809 1226 819; x_wconf 89' lang='lat'><em>-</em></span> <span class='ocrx_word' id='word_1_65' title='bbox 1240 778 1348 833; x_wconf 81' lang='lat' dir='ltr'><strong>Contra</strong></span> 
     </span>
     <span class='ocr_line' id='line_1_7' title="bbox 165 840 1347 914; baseline 0.004 -21"><span class='ocrx_word' id='word_1_66' title='bbox 165 863 226 912; x_wconf 84' lang='grc' dir='ltr'><strong><em>μοι,</em></strong></span> <span class='ocrx_word' id='word_1_67' title='bbox 252 841 328 909; x_wconf 92' lang='lat' dir='ltr'><strong>quod</strong></span> <span class='ocrx_word' id='word_1_68' title='bbox 347 858 371 891; x_wconf 91' lang='lat' dir='ltr'><strong>v.</strong></span> <span class='ocrx_word' id='word_1_69' title='bbox 394 841 427 893; x_wconf 90' lang='lat'><strong>13</strong></span> <span class='ocrx_word' id='word_1_70' title='bbox 448 840 552 893; x_wconf 91' lang='lat' dir='ltr'><strong>Homil.</strong></span> <span class='ocrx_word' id='word_1_71' title='bbox 576 842 691 894; x_wconf 87' lang='lat' dir='ltr'><strong>codices</strong></span> <span class='ocrx_word' id='word_1_72' title='bbox 714 858 782 912; x_wconf 89' lang='lat' dir='ltr'><strong>prae</strong></span> <span class='ocrx_word' id='word_1_73' title='bbox 806 850 865 911; x_wconf 89' lang='lat' dir='ltr'><strong>ent,</strong></span> <span class='ocrx_word' id='word_1_74' title='bbox 893 862 951 898; x_wconf 93' lang='lat' dir='ltr'><strong>non</strong></span> <span class='ocrx_word' id='word_1_75' title='bbox 975 845 1090 899; x_wconf 88' lang='lat' dir='ltr'><strong>videtur</strong></span> <span class='ocrx_word' id='word_1_76' title='bbox 1115 844 1347 914; x_wconf 85' lang='lat' dir='ltr'><strong>posthabendum</strong></span> 
     </span>
     <span class='ocr_line' id='line_1_8' title="bbox 165 907 737 980; baseline 0.002 -18"><span class='ocrx_word' id='word_1_77' title='bbox 165 908 314 978; x_wconf 84' lang='lat' dir='ltr'><strong>utriusque</strong></span> <span class='ocrx_word' id='word_1_78' title='bbox 326 907 475 975; x_wconf 89' lang='lat' dir='ltr'><strong>Epitomes</strong></span> <span class='ocrx_word' id='word_1_79' title='bbox 490 909 660 976; x_wconf 84' lang='lat' dir='ltr'><strong>scripturae:</strong></span> <span class='ocrx_word' id='word_1_80' title='bbox 672 931 737 980; x_wconf 86' lang='grc' dir='ltr'><strong><em>μου.</em></strong></span> 
     </span>
    </p>

    <p class='ocr_par' dir='ltr' id='par_1_3' title="bbox 165 974 1385 1522">
     <span class='ocr_line' id='line_1_9' title="bbox 236 974 1346 1048; baseline 0.005 -20"><span class='ocrx_word' id='word_1_81' title='bbox 236 975 268 1028; x_wconf 92' lang='grc' dir='ltr'><strong>Ρ.</strong></span> <span class='ocrx_word' id='word_1_82' title='bbox 281 976 341 1041; x_wconf 87' lang='grc'><strong>271,</strong></span> <span class='ocrx_word' id='word_1_83' title='bbox 355 976 433 1028; x_wconf 76' lang='lat' dir='ltr'><strong>aaut</strong></span> <span class='ocrx_word' id='word_1_84' title='bbox 446 974 581 1046; x_wconf 72' lang='grc' dir='ltr'><em>ὁμιλήσας</em></span> <span class='ocrx_word' id='word_1_85' title='bbox 600 983 726 1029; x_wconf 90' lang='lat' dir='ltr'><strong>mutetur</strong></span> <span class='ocrx_word' id='word_1_86' title='bbox 742 983 792 1030; x_wconf 85' lang='lat' dir='ltr'><strong>aut</strong></span> <span class='ocrx_word' id='word_1_87' title='bbox 810 984 950 1048; x_wconf 74' lang='grc' dir='ltr'><strong><em>προσθεὶς</em></strong></span> <span class='ocrx_word' id='word_1_88' title='bbox 961 997 1081 1034; x_wconf 87' lang='lat' dir='ltr'><strong>necesse</strong></span> <span class='ocrx_word' id='word_1_89' title='bbox 1094 986 1145 1034; x_wconf 88' lang='lat' dir='ltr'><strong>est.</strong></span> <span class='ocrx_word' id='word_1_90' title='bbox 1181 980 1346 1035; x_wconf 87' lang='lat' dir='ltr'><strong>Dresselius</strong></span> 
     </span>
     <span class='ocr_line' id='line_1_10' title="bbox 166 1041 1346 1119; baseline 0.004 -23"><span class='ocrx_word' id='word_1_91' title='bbox 166 1043 195 1096; x_wconf 90' lang='lat' dir='ltr'><strong>in</strong></span> <span class='ocrx_word' id='word_1_92' title='bbox 210 1043 286 1111; x_wconf 87' lang='lat' dir='ltr'><strong>Epit.</strong></span> <span class='ocrx_word' id='word_1_93' title='bbox 300 1042 417 1096; x_wconf 88' lang='lat' dir='ltr'><strong>alterius</strong></span> <span class='ocrx_word' id='word_1_94' title='bbox 431 1041 461 1095; x_wconf 93' lang='lat' dir='ltr'>C.</span> <span class='ocrx_word' id='word_1_95' title='bbox 475 1041 558 1096; x_wconf 84' lang='lat' dir='ltr'>XCII</span> <span class='ocrx_word' id='word_1_96' title='bbox 572 1045 727 1096; x_wconf 89' lang='lat' dir='ltr'><strong>secuudum</strong></span> <span class='ocrx_word' id='word_1_97' title='bbox 740 1045 852 1114; x_wconf 83' lang='lat' dir='ltr'><strong>aliquot</strong></span> <span class='ocrx_word' id='word_1_98' title='bbox 868 1046 957 1100; x_wconf 90' lang='lat' dir='ltr'><strong>libros</strong></span> <span class='ocrx_word' id='word_1_99' title='bbox 979 1065 1062 1102; x_wconf 80' lang='lat' dir='ltr'><strong>mser.</strong></span> <span class='ocrx_word' id='word_1_100' title='bbox 1075 1049 1179 1102; x_wconf 83' lang='lat' dir='ltr'><strong>edidit:</strong></span> <span class='ocrx_word' id='word_1_101' title='bbox 1201 1049 1346 1119; x_wconf 76' lang='grc' dir='ltr'><strong><em>ὡμίλησεν.</em></strong></span> 
     </span>
     <span class='ocr_line' id='line_1_11' title="bbox 165 1109 1345 1186; baseline 0.006 -23"><span class='ocrx_word' id='word_1_102' title='bbox 165 1110 308 1180; x_wconf 84' lang='lat' dir='ltr'><strong>Equidem</strong></span> <span class='ocrx_word' id='word_1_103' title='bbox 321 1109 474 1164; x_wconf 87' lang='lat' dir='ltr'><strong>verisimile</strong></span> <span class='ocrx_word' id='word_1_104' title='bbox 488 1111 571 1174; x_wconf 86' lang='lat' dir='ltr'><strong>duco,</strong></span> <span class='ocrx_word' id='word_1_105' title='bbox 585 1111 613 1163; x_wconf 92' lang='lat' dir='ltr'><strong>in</strong></span> <span class='ocrx_word' id='word_1_106' title='bbox 627 1113 758 1180; x_wconf 84' lang='lat' dir='ltr'><strong>exemplo</strong></span> <span class='ocrx_word' id='word_1_107' title='bbox 772 1111 867 1166; x_wconf 85' lang='lat' dir='ltr'><strong>Rufini</strong></span> <span class='ocrx_word' id='word_1_108' title='bbox 882 1115 987 1168; x_wconf 87' lang='lat' dir='ltr'><strong>lectum</strong></span> <span class='ocrx_word' id='word_1_109' title='bbox 1001 1115 1105 1170; x_wconf 83' lang='lat' dir='ltr'><strong>fuisse:</strong></span> <span class='ocrx_word' id='word_1_110' title='bbox 1118 1123 1345 1186; x_wconf 65' lang='lat' dir='ltr'><strong>speraturus,</strong></span> 
     </span>
     <span class='ocr_line' id='line_1_12' title="bbox 166 1177 1385 1252; baseline 0.002 -20"><span class='ocrx_word' id='word_1_111' title='bbox 166 1196 231 1232; x_wconf 88' lang='lat' dir='ltr'><strong>nam</strong></span> <span class='ocrx_word' id='word_1_112' title='bbox 249 1178 278 1231; x_wconf 90' lang='lat' dir='ltr'><strong>in</strong></span> <span class='ocrx_word' id='word_1_113' title='bbox 295 1177 446 1246; x_wconf 83' lang='lat' dir='ltr'><strong>Recoguit.</strong></span> <span class='ocrx_word' id='word_1_114' title='bbox 459 1177 527 1246; x_wconf 88' lang='lat' dir='ltr'>VII,</span> <span class='ocrx_word' id='word_1_115' title='bbox 545 1178 580 1230; x_wconf 89' lang='grc'><strong>24</strong></span> <span class='ocrx_word' id='word_1_116' title='bbox 599 1177 732 1234; x_wconf 86' lang='lat' dir='ltr'><strong>habetur:</strong></span> <span class='ocrx_word' id='word_1_117' title='bbox 756 1179 848 1246; x_wconf 86' lang='lat' dir='ltr'><strong>„Turn</strong></span> <span class='ocrx_word' id='word_1_118' title='bbox 865 1182 969 1236; x_wconf 88' lang='lat' dir='ltr'><strong>Petrus</strong></span> <span class='ocrx_word' id='word_1_119' title='bbox 986 1214 1020 1223; x_wconf 92' lang='lat'><em>-</em></span> <span class='ocrx_word' id='word_1_120' title='bbox 1037 1186 1173 1252; x_wconf 81' lang='lat' dir='ltr'><strong>loquutus</strong></span> <span class='ocrx_word' id='word_1_121' title='bbox 1190 1185 1227 1236; x_wconf 92' lang='lat' dir='ltr'><strong>ad</strong></span> <span class='ocrx_word' id='word_1_122' title='bbox 1240 1183 1346 1252; x_wconf 88' lang='lat' dir='ltr'><strong>turbas,</strong></span> <span class='ocrx_word' id='word_1_123' title='bbox 1381 1227 1385 1234; x_wconf 93' lang='lat'>.</span> 
     </span>
     <span class='ocr_line' id='line_1_13' title="bbox 165 1244 1346 1318; baseline 0.005 -19"><span class='ocrx_word' id='word_1_124' title='bbox 165 1246 249 1300; x_wconf 81' lang='lat' dir='ltr'><strong>addit</strong></span> <span class='ocrx_word' id='word_1_125' title='bbox 261 1246 345 1299; x_wconf 89' lang='lat' dir='ltr'><strong>etiam</strong></span> <span class='ocrx_word' id='word_1_126' title='bbox 358 1245 440 1312; x_wconf 87' lang='lat' dir='ltr'><strong>hoc“‚</strong></span> <span class='ocrx_word' id='word_1_127' title='bbox 455 1251 483 1298; x_wconf 92' lang='lat' dir='ltr'><strong>et</strong></span> <span class='ocrx_word' id='word_1_128' title='bbox 495 1244 550 1299; x_wconf 91' lang='lat' dir='ltr'><strong>hoc</strong></span> <span class='ocrx_word' id='word_1_129' title='bbox 567 1245 662 1314; x_wconf 88' lang='lat' dir='ltr'><strong>potius</strong></span> <span class='ocrx_word' id='word_1_130' title='bbox 683 1246 712 1299; x_wconf 90' lang='lat' dir='ltr'><strong>in</strong></span> <span class='ocrx_word' id='word_1_131' title='bbox 729 1247 865 1302; x_wconf 88' lang='lat' dir='ltr'><strong>Homiliis</strong></span> <span class='ocrx_word' id='word_1_132' title='bbox 886 1252 1081 1318; x_wconf 89' lang='lat' dir='ltr'><strong>reponendum</strong></span> <span class='ocrx_word' id='word_1_133' title='bbox 1102 1267 1165 1304; x_wconf 89' lang='lat' dir='ltr'><strong>esse</strong></span> <span class='ocrx_word' id='word_1_134' title='bbox 1188 1267 1301 1304; x_wconf 87' lang='lat' dir='ltr'><strong>censeo.</strong></span> <span class='ocrx_word' id='word_1_135' title='bbox 1314 1282 1346 1290; x_wconf 90' lang='lat'>-</span> 
     </span>
     <span class='ocr_line' id='line_1_14' title="bbox 165 1312 1346 1389; baseline 0.003 -20"><span class='ocrx_word' id='word_1_136' title='bbox 165 1314 202 1369; x_wconf 83' lang='lat' dir='ltr'><strong>V.</strong></span> <span class='ocrx_word' id='word_1_137' title='bbox 214 1315 247 1366; x_wconf 90' lang='lat'><strong>10</strong></span> <span class='ocrx_word' id='word_1_138' title='bbox 260 1312 410 1367; x_wconf 87' lang='lat' dir='ltr'><strong>sanissima</strong></span> <span class='ocrx_word' id='word_1_139' title='bbox 422 1318 467 1366; x_wconf 87' lang='lat' dir='ltr'><strong>est</strong></span> <span class='ocrx_word' id='word_1_140' title='bbox 479 1313 562 1367; x_wconf 91' lang='lat' dir='ltr'><strong>Hom.</strong></span> <span class='ocrx_word' id='word_1_141' title='bbox 580 1313 711 1367; x_wconf 89' lang='lat' dir='ltr'><strong>codicum</strong></span> <span class='ocrx_word' id='word_1_142' title='bbox 730 1315 872 1384; x_wconf 88' lang='lat' dir='ltr'><strong>scriptura</strong></span> <span class='ocrx_word' id='word_1_143' title='bbox 890 1321 919 1370; x_wconf 90' lang='lat' dir='ltr'><strong>et</strong></span> <span class='ocrx_word' id='word_1_144' title='bbox 937 1318 983 1370; x_wconf 88' lang='lat' dir='ltr'><strong>vel</strong></span> <span class='ocrx_word' id='word_1_145' title='bbox 1001 1317 1027 1370; x_wconf 89' lang='lat' dir='ltr'><strong>ei</strong></span> <span class='ocrx_word' id='word_1_146' title='bbox 1044 1318 1249 1386; x_wconf 84' lang='lat' dir='ltr'><strong>praeferenda,</strong></span> <span class='ocrx_word' id='word_1_147' title='bbox 1269 1320 1346 1389; x_wconf 89' lang='lat' dir='ltr'><strong>quod</strong></span> 
     </span>
     <span class='ocr_line' id='line_1_15' title="bbox 166 1379 1346 1500; baseline 0.003 -66"><span class='ocrx_word' id='word_1_148' title='bbox 166 1383 308 1452; x_wconf 82' lang='lat' dir='ltr'><strong>praebent</strong></span> <span class='ocrx_word' id='word_1_149' title='bbox 324 1380 473 1500; x_wconf 78' lang='lat' dir='ltr'><strong>utriusque</strong></span> <span class='ocrx_word' id='word_1_150' title='bbox 489 1380 565 1448; x_wconf 87' lang='lat' dir='ltr'><strong>Epit.</strong></span> <span class='ocrx_word' id='word_1_151' title='bbox 583 1379 650 1434; x_wconf 90' lang='lat' dir='ltr'><strong>libri</strong></span> <span class='ocrx_word' id='word_1_152' title='bbox 669 1399 750 1437; x_wconf 87' lang='lat' dir='ltr'><strong>mser.</strong></span> <span class='ocrx_word' id='word_1_153' title='bbox 771 1382 911 1436; x_wconf 83' lang='lat' dir='ltr'>CXCII.</span> <span class='ocrx_word' id='word_1_154' title='bbox 931 1415 965 1423; x_wconf 89' lang='lat'>—</span> <span class='ocrx_word' id='word_1_155' title='bbox 987 1383 1093 1438; x_wconf 88' lang='lat' dir='ltr'><strong>Contra</strong></span> <span class='ocrx_word' id='word_1_156' title='bbox 1110 1401 1134 1438; x_wconf 87' lang='lat' dir='ltr'><strong>v.</strong></span> <span class='ocrx_word' id='word_1_157' title='bbox 1154 1386 1183 1437; x_wconf 92' lang='lat' dir='ltr'><strong>ll</strong></span> <span class='ocrx_word' id='word_1_158' title='bbox 1203 1392 1346 1454; x_wconf 86' lang='lat' dir='ltr'><strong>praestat:</strong></span> 
     </span>
     <span class='ocr_line' id='line_1_16' title="bbox 167 1447 1345 1522; baseline 0.003 -19"><span class='ocrx_word' id='word_1_159' title='bbox 167 1452 299 1520; x_wconf 78' lang='grc' dir='ltr'><strong>πατρίδα,</strong></span> <span class='ocrx_word' id='word_1_160' title='bbox 323 1447 401 1518; x_wconf 90' lang='lat' dir='ltr'><strong>quod</strong></span> <span class='ocrx_word' id='word_1_161' title='bbox 439 1449 589 1502; x_wconf 70' lang='lat' dir='ltr'><strong>besselius</strong></span> <span class='ocrx_word' id='word_1_162' title='bbox 616 1450 632 1500; x_wconf 93' lang='lat' dir='ltr'><strong>I.</strong></span> <span class='ocrx_word' id='word_1_163' title='bbox 656 1466 678 1502; x_wconf 88' lang='lat' dir='ltr'><strong>c.</strong></span> <span class='ocrx_word' id='word_1_164' title='bbox 702 1451 858 1502; x_wconf 89' lang='lat' dir='ltr'><strong>secundum</strong></span> <span class='ocrx_word' id='word_1_165' title='bbox 880 1452 969 1503; x_wconf 91' lang='lat' dir='ltr'><strong>libros</strong></span> <span class='ocrx_word' id='word_1_166' title='bbox 994 1452 1022 1504; x_wconf 90' lang='lat' dir='ltr'><strong>in</strong></span> <span class='ocrx_word' id='word_1_167' title='bbox 1047 1457 1157 1504; x_wconf 80' lang='lat' dir='ltr'><strong>textum</strong></span> <span class='ocrx_word' id='word_1_168' title='bbox 1177 1454 1294 1522; x_wconf 86' lang='lat' dir='ltr'><strong>recepit.</strong></span> <span class='ocrx_word' id='word_1_169' title='bbox 1313 1485 1345 1492; x_wconf 96' lang='lat'><em>-</em></span> 
     </span>
    </p>
   </div>
   <div class='ocr_carea' id='block_1_3' title="bbox 165 1515 1447 1592">
    <p class='ocr_par' dir='ltr' id='par_1_4' title="bbox 165 1515 1447 1592">
     <span class='ocr_line' id='line_1_17' title="bbox 165 1515 1447 1592; baseline 0.005 -22"><span class='ocrx_word' id='word_1_170' title='bbox 165 1517 202 1571; x_wconf 86' lang='lat' dir='ltr'><strong>V.</strong></span> <span class='ocrx_word' id='word_1_171' title='bbox 216 1519 247 1570; x_wconf 90' lang='lat' dir='ltr'><strong>lb&#39;</strong></span> <span class='ocrx_word' id='word_1_172' title='bbox 261 1535 324 1586; x_wconf 87' lang='lat' dir='ltr'><strong>sqq.</strong></span> <span class='ocrx_word' id='word_1_173' title='bbox 338 1517 379 1568; x_wconf 90' lang='lat' dir='ltr'><strong>sic</strong></span> <span class='ocrx_word' id='word_1_174' title='bbox 393 1515 516 1569; x_wconf 85' lang='lat' dir='ltr'><strong>arbitror</strong></span> <span class='ocrx_word' id='word_1_175' title='bbox 529 1515 725 1570; x_wconf 86' lang='lat' dir='ltr'><strong>scribendum:</strong></span> <span class='ocrx_word' id='word_1_176' title='bbox 744 1520 783 1572; x_wconf 77' lang='grc' dir='ltr'><strong>ἔτι</strong></span> <span class='ocrx_word' id='word_1_177' title='bbox 800 1521 831 1573; x_wconf 76' lang='lat' dir='ltr'><strong>dl</strong></span> <span class='ocrx_word' id='word_1_178' title='bbox 847 1523 891 1571; x_wconf 83' lang='grc' dir='ltr'><strong>καὶ</strong></span> <span class='ocrx_word' id='word_1_179' title='bbox 909 1515 1002 1580; x_wconf 77' lang='grc' dir='ltr'><strong><em>ἄλλοις</em></strong></span> <span class='ocrx_word' id='word_1_180' title='bbox 1020 1523 1135 1580; x_wconf 77' lang='grc' dir='ltr'><em>πολλοῖς</em></span> <span class='ocrx_word' id='word_1_181' title='bbox 1153 1520 1271 1592; x_wconf 78' lang='grc' dir='ltr'><strong><em>ἀργύρια</em></strong></span> <span class='ocrx_word' id='word_1_182' title='bbox 1283 1524 1344 1576; x_wconf 79' lang='grc' dir='ltr'><strong><em>δια·</em></strong></span> <span class='ocrx_word' id='word_1_183' title='bbox 1441 1521 1447 1532; x_wconf 85' lang='grc'><em>“</em></span> 
     </span>
    </p>
   </div>
   <div class='ocr_carea' id='block_1_4' title="bbox 165 1582 1346 4024">
    <p class='ocr_par' dir='ltr' id='par_1_5' title="bbox 165 1582 1346 4024">
     <span class='ocr_line' id='line_1_18' title="bbox 166 1582 1345 1670; baseline 0.003 -31"><span class='ocrx_word' id='word_1_184' title='bbox 166 1590 264 1656; x_wconf 79' lang='grc' dir='ltr'><strong><em>νείμας</em></strong></span> <span class='ocrx_word' id='word_1_185' title='bbox 284 1590 339 1638; x_wconf 82' lang='grc' dir='ltr'><strong>καὶ</strong></span> <span class='ocrx_word' id='word_1_186' title='bbox 361 1591 420 1644; x_wconf 87' lang='grc' dir='ltr'><strong><em>ταῖς</em></strong></span> <span class='ocrx_word' id='word_1_187' title='bbox 437 1604 507 1639; x_wconf 86' lang='grc' dir='ltr'><strong><em>ποτε</em></strong></span> <span class='ocrx_word' id='word_1_188' title='bbox 534 1582 584 1654; x_wconf 81' lang='grc' dir='ltr'><strong>τὴν</strong></span> <span class='ocrx_word' id='word_1_189' title='bbox 606 1589 711 1670; x_wconf 71' lang='grc' dir='ltr'><strong><em>μητέρα</em></strong></span> <span class='ocrx_word' id='word_1_190' title='bbox 732 1590 1033 1656; x_wconf 76' lang='grc' dir='ltr'><strong><em>παραμυθησιιμέναις,</em></strong></span> <span class='ocrx_word' id='word_1_191' title='bbox 1055 1587 1264 1658; x_wconf 73' lang='grc' dir='ltr'><strong><em>εὐχαριστήσας,</em></strong></span> <span class='ocrx_word' id='word_1_192' title='bbox 1286 1591 1345 1643; x_wconf 74' lang='grc' dir='ltr'><strong><em>διέ-</em></strong></span> 
     </span>
     <span class='ocr_line' id='line_1_19' title="bbox 166 1649 1346 1722; baseline 0.003 -16"><span class='ocrx_word' id='word_1_193' title='bbox 166 1657 274 1708; x_wconf 77' lang='grc' dir='ltr'><strong><em>πλευσα</em></strong></span> <span class='ocrx_word' id='word_1_194' title='bbox 300 1655 368 1705; x_wconf 89' lang='lat' dir='ltr'><strong>cett.</strong></span> <span class='ocrx_word' id='word_1_195' title='bbox 404 1649 580 1720; x_wconf 84' lang='lat' dir='ltr'><strong>Scripturam</strong></span> <span class='ocrx_word' id='word_1_196' title='bbox 602 1652 707 1719; x_wconf 71' lang='grc' dir='ltr'><strong><em>ἄλλοις,</em></strong></span> <span class='ocrx_word' id='word_1_197' title='bbox 738 1669 811 1722; x_wconf 88' lang='lat' dir='ltr'><strong>quae</strong></span> <span class='ocrx_word' id='word_1_198' title='bbox 840 1658 883 1705; x_wconf 85' lang='lat' dir='ltr'><strong>est</strong></span> <span class='ocrx_word' id='word_1_199' title='bbox 905 1653 934 1704; x_wconf 90' lang='lat' dir='ltr'><strong>in</strong></span> <span class='ocrx_word' id='word_1_200' title='bbox 962 1655 1023 1706; x_wconf 90' lang='lat' dir='ltr'><strong>cod.</strong></span> <span class='ocrx_word' id='word_1_201' title='bbox 1048 1652 1083 1715; x_wconf 90' lang='lat' dir='ltr'>C,</span> <span class='ocrx_word' id='word_1_202' title='bbox 1107 1655 1276 1722; x_wconf 86' lang='lat' dir='ltr'><strong>particulam</strong></span> <span class='ocrx_word' id='word_1_203' title='bbox 1301 1663 1346 1710; x_wconf 80' lang='grc' dir='ltr'><strong>καὶ</strong></span> 
     </span>
     <span class='ocr_line' id='line_1_20' title="bbox 165 1718 1346 1796; baseline 0.003 -22"><span class='ocrx_word' id='word_1_204' title='bbox 165 1727 235 1774; x_wconf 88' lang='lat' dir='ltr'><strong>ante</strong></span> <span class='ocrx_word' id='word_1_205' title='bbox 256 1720 343 1773; x_wconf 89' lang='lat' dir='ltr'><strong>verba</strong></span> <span class='ocrx_word' id='word_1_206' title='bbox 365 1718 415 1788; x_wconf 82' lang='grc' dir='ltr'><strong>τὴν</strong></span> <span class='ocrx_word' id='word_1_207' title='bbox 429 1724 536 1792; x_wconf 75' lang='grc' dir='ltr'><strong><em>ματέρα</em></strong></span> <span class='ocrx_word' id='word_1_208' title='bbox 554 1719 680 1788; x_wconf 90' lang='lat' dir='ltr'><strong>itemque</strong></span> <span class='ocrx_word' id='word_1_209' title='bbox 704 1720 835 1788; x_wconf 91' lang='lat' dir='ltr'><strong>copulam</strong></span> <span class='ocrx_word' id='word_1_210' title='bbox 856 1721 934 1774; x_wconf 85' lang='lat' dir='ltr'><strong>&#39;uxta</strong></span> <span class='ocrx_word' id='word_1_211' title='bbox 955 1722 1124 1776; x_wconf 90' lang='lat' dir='ltr'><strong>vocabulum</strong></span> <span class='ocrx_word' id='word_1_212' title='bbox 1147 1723 1346 1796; x_wconf 82' lang='grc' dir='ltr'><strong><em>εὐχαριστήσας</em></strong></span> 
     </span>
     <span class='ocr_line' id='line_1_21' title="bbox 188 1786 1344 1860; baseline 0.003 -20"><span class='ocrx_word' id='word_1_213' title='bbox 188 1789 289 1840; x_wconf 83' lang='lat' dir='ltr'><strong>osItam</strong></span> <span class='ocrx_word' id='word_1_214' title='bbox 303 1803 372 1856; x_wconf 89' lang='lat' dir='ltr'><strong>prae</strong></span> <span class='ocrx_word' id='word_1_215' title='bbox 387 1787 478 1840; x_wconf 87' lang='lat' dir='ltr'><strong>oculis</strong></span> <span class='ocrx_word' id='word_1_216' title='bbox 492 1787 581 1840; x_wconf 83' lang='lat' dir='ltr'><strong>fuisse</strong></span> <span class='ocrx_word' id='word_1_217' title='bbox 594 1786 712 1855; x_wconf 87' lang='lat' dir='ltr'><strong>Rufino,</strong></span> <span class='ocrx_word' id='word_1_218' title='bbox 725 1787 845 1854; x_wconf 87' lang='lat' dir='ltr'><strong>probabi</strong></span> <span class='ocrx_word' id='word_1_219' title='bbox 860 1804 875 1841; x_wconf 87' lang='lat' dir='ltr'><strong>e</strong></span> <span class='ocrx_word' id='word_1_220' title='bbox 888 1789 1019 1842; x_wconf 85' lang='lat' dir='ltr'><strong>redditur</strong></span> <span class='ocrx_word' id='word_1_221' title='bbox 1030 1788 1075 1842; x_wconf 91' lang='lat' dir='ltr'><strong>his</strong></span> <span class='ocrx_word' id='word_1_222' title='bbox 1089 1791 1183 1844; x_wconf 89' lang='lat' dir='ltr'><strong>verbis</strong></span> <span class='ocrx_word' id='word_1_223' title='bbox 1195 1790 1344 1860; x_wconf 86' lang='lat' dir='ltr'><strong>Recognit.</strong></span> 
     </span>
     <span class='ocr_line' id='line_1_22' title="bbox 165 1805 1345 1925; baseline 0.001 -16"><span class='ocrx_word' id='word_1_224' title='bbox 165 1805 232 1920; x_wconf 64' lang='lat' dir='ltr'><strong>inl,</strong></span> <span class='ocrx_word' id='word_1_225' title='bbox 245 1855 292 1909; x_wconf 74' lang='lat'><strong>24:</strong></span> <span class='ocrx_word' id='word_1_226' title='bbox 312 1853 388 1921; x_wconf 84' lang='lat' dir='ltr'><strong>„Sed</strong></span> <span class='ocrx_word' id='word_1_227' title='bbox 402 1861 432 1908; x_wconf 92' lang='lat' dir='ltr'><strong>et</strong></span> <span class='ocrx_word' id='word_1_228' title='bbox 444 1855 508 1909; x_wconf 87' lang='lat' dir='ltr'><strong>aliis</strong></span> <span class='ocrx_word' id='word_1_229' title='bbox 521 1853 692 1924; x_wconf 89' lang='lat' dir='ltr'><strong>quibusdam</strong></span> <span class='ocrx_word' id='word_1_230' title='bbox 706 1855 744 1908; x_wconf 89' lang='lat' dir='ltr'><strong>ali</strong></span> <span class='ocrx_word' id='word_1_231' title='bbox 768 1855 915 1909; x_wconf 89' lang='lat' dir='ltr'><strong>uantulum</strong></span> <span class='ocrx_word' id='word_1_232' title='bbox 928 1859 1066 1925; x_wconf 84' lang='lat' dir='ltr'><strong>pecuniae</strong></span> <span class='ocrx_word' id='word_1_233' title='bbox 1080 1857 1223 1924; x_wconf 84' lang='lat' dir='ltr'><strong>distribui,</strong></span> <span class='ocrx_word' id='word_1_234' title='bbox 1243 1865 1271 1912; x_wconf 86' lang='lat' dir='ltr'><strong>et</strong></span> <span class='ocrx_word' id='word_1_235' title='bbox 1288 1858 1345 1911; x_wconf 88' lang='lat' dir='ltr'><strong>illis</strong></span> 
     </span>
     <span class='ocr_line' id='line_1_23' title="bbox 167 1873 1345 1994; baseline 0.002 -18"><span class='ocrx_word' id='word_1_236' title='bbox 167 1923 337 1976; x_wconf 89' lang='lat' dir='ltr'><strong>mulieribus</strong></span> <span class='ocrx_word' id='word_1_237' title='bbox 351 1940 425 1994; x_wconf 85' lang='lat' dir='ltr'><strong>quae</strong></span> <span class='ocrx_word' id='word_1_238' title='bbox 443 1921 599 1992; x_wconf 87' lang='lat' dir='ltr'><strong>aliquando</strong></span> <span class='ocrx_word' id='word_1_239' title='bbox 622 1923 729 1975; x_wconf 88' lang='lat' dir='ltr'><strong>solatae</strong></span> <span class='ocrx_word' id='word_1_240' title='bbox 747 1873 918 1976; x_wconf 47' lang='lat' dir='ltr'><strong>dicebantur</strong></span> <span class='ocrx_word' id='word_1_241' title='bbox 934 1925 963 1977; x_wconf 92' lang='lat' dir='ltr'><strong>in</strong></span> <span class='ocrx_word' id='word_1_242' title='bbox 976 1925 1099 1978; x_wconf 86' lang='lat' dir='ltr'><strong>miseriis</strong></span> <span class='ocrx_word' id='word_1_243' title='bbox 1113 1931 1230 1980; x_wconf 87' lang='lat' dir='ltr'><strong>matrem</strong></span> <span class='ocrx_word' id='word_1_244' title='bbox 1244 1943 1345 1992; x_wconf 87' lang='lat' dir='ltr'><strong>meam,</strong></span> 
     </span>
     <span class='ocr_line' id='line_1_24' title="bbox 167 1989 1345 2065; baseline 0.002 -21"><span class='ocrx_word' id='word_1_245' title='bbox 167 1991 273 2061; x_wconf 91' lang='lat' dir='ltr'><strong>quibus</strong></span> <span class='ocrx_word' id='word_1_246' title='bbox 293 2001 322 2044; x_wconf 86' lang='lat' dir='ltr'><strong>et</strong></span> <span class='ocrx_word' id='word_1_247' title='bbox 340 1992 448 2061; x_wconf 79' lang='lat' dir='ltr'><strong>gratias</strong></span> <span class='ocrx_word' id='word_1_248' title='bbox 461 1990 572 2044; x_wconf 79' lang='lat' dir='ltr'><strong>retuli“.</strong></span> <span class='ocrx_word' id='word_1_249' title='bbox 611 1999 677 2051; x_wconf 83' lang='grc' dir='ltr'><strong><em>Τοῖς</em></strong></span> <span class='ocrx_word' id='word_1_250' title='bbox 694 1989 788 2052; x_wconf 73' lang='grc' dir='ltr'><strong><em>ἄλλοις</em></strong></span> <span class='ocrx_word' id='word_1_251' title='bbox 808 1992 922 2044; x_wconf 90' lang='lat' dir='ltr'><strong>transiit</strong></span> <span class='ocrx_word' id='word_1_252' title='bbox 939 1993 967 2045; x_wconf 90' lang='lat' dir='ltr'><strong>in</strong></span> <span class='ocrx_word' id='word_1_253' title='bbox 987 2001 1046 2055; x_wconf 87' lang='grc' dir='ltr'><strong><em>ταῖς</em></strong></span> <span class='ocrx_word' id='word_1_254' title='bbox 1063 1993 1168 2058; x_wconf 78' lang='grc' dir='ltr'><strong><em>ἄλλοις,</em></strong></span> <span class='ocrx_word' id='word_1_255' title='bbox 1190 1999 1345 2065; x_wconf 86' lang='lat' dir='ltr'><strong>postquam</strong></span> 
     </span>
     <span class='ocr_line' id='line_1_25' title="bbox 167 2058 1345 2131; baseline 0 -17"><span class='ocrx_word' id='word_1_256' title='bbox 167 2063 222 2120; x_wconf 79' lang='grc' dir='ltr'><strong><em>καὶ,</em></strong></span> <span class='ocrx_word' id='word_1_257' title='bbox 236 2060 312 2128; x_wconf 90' lang='lat' dir='ltr'><strong>quod</strong></span> <span class='ocrx_word' id='word_1_258' title='bbox 326 2058 454 2127; x_wconf 84' lang='lat' dir='ltr'><strong>proxime</strong></span> <span class='ocrx_word' id='word_1_259' title='bbox 467 2058 610 2128; x_wconf 88' lang='lat' dir='ltr'><strong>sequitur,</strong></span> <span class='ocrx_word' id='word_1_260' title='bbox 630 2058 784 2112; x_wconf 88' lang='lat' dir='ltr'><strong>intercidit.</strong></span> <span class='ocrx_word' id='word_1_261' title='bbox 821 2058 947 2114; x_wconf 87' lang='lat' dir='ltr'><strong>Verbum</strong></span> <span class='ocrx_word' id='word_1_262' title='bbox 966 2059 1165 2131; x_wconf 59' lang='grc' dir='ltr'><strong><em>εἰραριοτήσας</em></strong></span> <span class='ocrx_word' id='word_1_263' title='bbox 1203 2079 1269 2116; x_wconf 91' lang='lat' dir='ltr'><strong>uum</strong></span> <span class='ocrx_word' id='word_1_264' title='bbox 1286 2063 1345 2131; x_wconf 87' lang='lat' dir='ltr'><strong>jam</strong></span> 
     </span>
     <span class='ocr_line' id='line_1_26' title="bbox 168 2079 1345 2208; baseline 0.003 -30"><span class='ocrx_word' id='word_1_265' title='bbox 168 2125 280 2195; x_wconf 86' lang='lat' dir='ltr'><strong>pridem</strong></span> <span class='ocrx_word' id='word_1_266' title='bbox 293 2125 499 2179; x_wconf 83' lang='lat' dir='ltr'><strong>intellexissem</strong></span> <span class='ocrx_word' id='word_1_267' title='bbox 518 2143 574 2180; x_wconf 91' lang='lat' dir='ltr'><strong>non</strong></span> <span class='ocrx_word' id='word_1_268' title='bbox 589 2127 755 2179; x_wconf 89' lang='lat' dir='ltr'><strong>struendum</strong></span> <span class='ocrx_word' id='word_1_269' title='bbox 769 2143 832 2180; x_wconf 87' lang='lat' dir='ltr'><strong>esse</strong></span> <span class='ocrx_word' id='word_1_270' title='bbox 851 2143 913 2180; x_wconf 88' lang='lat' dir='ltr'><strong>cum</strong></span> <span class='ocrx_word' id='word_1_271' title='bbox 927 2131 1102 2208; x_wconf 74' lang='lat' dir='ltr'><strong>antegressis</strong></span> <span class='ocrx_word' id='word_1_272' title='bbox 1115 2079 1276 2191; x_wconf 58' lang='lat' dir='ltr'><strong>vocabulis,</strong></span> <span class='ocrx_word' id='word_1_273' title='bbox 1295 2129 1345 2183; x_wconf 91' lang='lat' dir='ltr'><strong>sod</strong></span> 
     </span>
     <span class='ocr_line' id='line_1_27' title="bbox 167 2191 1346 2266; baseline 0.003 -19"><span class='ocrx_word' id='word_1_274' title='bbox 167 2193 371 2262; x_wconf 86' lang='lat' dir='ltr'><strong>accipiendum</strong></span> <span class='ocrx_word' id='word_1_275' title='bbox 390 2196 425 2247; x_wconf 89' lang='lat' dir='ltr'><strong>de</strong></span> <span class='ocrx_word' id='word_1_276' title='bbox 447 2193 548 2262; x_wconf 78' lang='lat' dir='ltr'><strong>gratiis</strong></span> <span class='ocrx_word' id='word_1_277' title='bbox 566 2191 630 2247; x_wconf 89' lang='lat' dir='ltr'><strong>Deo</strong></span> <span class='ocrx_word' id='word_1_278' title='bbox 652 2195 740 2258; x_wconf 30' lang='lat' dir='ltr'><strong>arctis,</strong></span> <span class='ocrx_word' id='word_1_279' title='bbox 762 2191 957 2248; x_wconf 88' lang='lat' dir='ltr'><strong>confirmatam</strong></span> <span class='ocrx_word' id='word_1_280' title='bbox 979 2198 1038 2249; x_wconf 88' lang='lat' dir='ltr'><strong>vrdi</strong></span> <span class='ocrx_word' id='word_1_281' title='bbox 1063 2197 1256 2266; x_wconf 89' lang='lat' dir='ltr'><strong>conjecturam</strong></span> <span class='ocrx_word' id='word_1_282' title='bbox 1279 2198 1346 2251; x_wconf 89' lang='lat' dir='ltr'><strong>scri-</strong></span> 
     </span>
     <span class='ocr_line' id='line_1_28' title="bbox 187 2259 1344 2350; baseline 0.002 -37"><span class='ocrx_word' id='word_1_283' title='bbox 187 2267 268 2315; x_wconf 89' lang='lat' dir='ltr'><strong>tura:</strong></span> <span class='ocrx_word' id='word_1_284' title='bbox 291 2261 321 2316; x_wconf 84' lang='grc' dir='ltr'><strong><em>εὗ</em></strong></span> <span class='ocrx_word' id='word_1_285' title='bbox 341 2259 490 2328; x_wconf 79' lang='grc' dir='ltr'><strong><em>αριστήσας</em></strong></span> <span class='ocrx_word' id='word_1_286' title='bbox 508 2263 549 2329; x_wconf 74' lang='grc' dir='ltr'><strong>τρῖ</strong></span> <span class='ocrx_word' id='word_1_287' title='bbox 564 2282 598 2314; x_wconf 83' lang='grc' dir='ltr'><strong>τυ</strong></span> <span class='ocrx_word' id='word_1_288' title='bbox 618 2267 665 2330; x_wconf 82' lang='grc' dir='ltr'><strong>ίῳ,</strong></span> <span class='ocrx_word' id='word_1_289' title='bbox 689 2277 761 2330; x_wconf 88' lang='lat' dir='ltr'><strong>quae</strong></span> <span class='ocrx_word' id='word_1_290' title='bbox 781 2264 924 2329; x_wconf 86' lang='lat' dir='ltr'><strong>reperitur</strong></span> <span class='ocrx_word' id='word_1_291' title='bbox 940 2264 968 2315; x_wconf 91' lang='lat' dir='ltr'><strong>in</strong></span> <span class='ocrx_word' id='word_1_292' title='bbox 987 2265 1135 2350; x_wconf 85' lang='lat' dir='ltr'><strong>utriusque</strong></span> <span class='ocrx_word' id='word_1_293' title='bbox 1153 2265 1301 2333; x_wconf 88' lang='lat' dir='ltr'><strong>Epitomcs</strong></span> <span class='ocrx_word' id='word_1_294' title='bbox 1315 2262 1344 2318; x_wconf 92' lang='lat' dir='ltr'>C.</span> 
     </span>
     <span class='ocr_line' id='line_1_29' title="bbox 197 2281 1345 2410; baseline 0.001 -28"><span class='ocrx_word' id='word_1_295' title='bbox 197 2328 258 2382; x_wconf 90' lang='lat' dir='ltr'>CII.</span> <span class='ocrx_word' id='word_1_296' title='bbox 295 2283 396 2410; x_wconf 47' lang='lat' dir='ltr'><strong>istique</strong></span> <span class='ocrx_word' id='word_1_297' title='bbox 409 2345 425 2382; x_wconf 93' lang='lat' dir='ltr'><strong>o</strong></span> <span class='ocrx_word' id='word_1_298' title='bbox 449 2347 481 2381; x_wconf 88' lang='lat' dir='ltr'><strong>us</strong></span> <span class='ocrx_word' id='word_1_299' title='bbox 496 2335 540 2382; x_wconf 89' lang='lat' dir='ltr'><strong>est</strong></span> <span class='ocrx_word' id='word_1_300' title='bbox 551 2281 699 2407; x_wconf 64' lang='lat' dir='ltr'><strong>vorbisrqi</strong></span> <span class='ocrx_word' id='word_1_301' title='bbox 712 2336 797 2410; x_wconf 80' lang='grc' dir='ltr'><strong><em>κυρίῳ</em></strong></span> <span class='ocrx_word' id='word_1_302' title='bbox 805 2370 812 2406; x_wconf 64' lang='grc'><strong><em>,</em></strong></span> <span class='ocrx_word' id='word_1_303' title='bbox 831 2345 917 2396; x_wconf 89' lang='lat' dir='ltr'><strong>quum</strong></span> <span class='ocrx_word' id='word_1_304' title='bbox 930 2331 1046 2408; x_wconf 80' lang='lat' dir='ltr'><strong>verbum</strong></span> <span class='ocrx_word' id='word_1_305' title='bbox 1065 2341 1239 2401; x_wconf 84' lang='grc' dir='ltr'><strong><em>ευχαριστεϊν</em></strong></span> <span class='ocrx_word' id='word_1_306' title='bbox 1250 2348 1302 2400; x_wconf 87' lang='lat' dir='ltr'><strong>per</strong></span> <span class='ocrx_word' id='word_1_307' title='bbox 1315 2348 1345 2384; x_wconf 91' lang='lat' dir='ltr'><strong>se</strong></span> 
     </span>
     <span class='ocr_line' id='line_1_30' title="bbox 167 2347 1343 2474; baseline 0 -24"><span class='ocrx_word' id='word_1_308' title='bbox 167 2398 259 2450; x_wconf 89' lang='lat' dir='ltr'><strong>solum</strong></span> <span class='ocrx_word' id='word_1_309' title='bbox 279 2415 393 2466; x_wconf 77' lang='lat' dir='ltr'><strong>saepius</strong></span> <span class='ocrx_word' id='word_1_310' title='bbox 411 2347 474 2462; x_wconf 78' lang='lat' dir='ltr'><strong>iiio,</strong></span> <span class='ocrx_word' id='word_1_311' title='bbox 495 2413 579 2470; x_wconf 86' lang='lat' dir='ltr'><strong>quem</strong></span> <span class='ocrx_word' id='word_1_312' title='bbox 598 2397 718 2449; x_wconf 87' lang='lat' dir='ltr'><strong>dimmus</strong></span> <span class='ocrx_word' id='word_1_313' title='bbox 738 2393 902 2474; x_wconf 75' lang='lat' dir='ltr'><strong>significatu</strong></span> <span class='ocrx_word' id='word_1_314' title='bbox 919 2397 1080 2450; x_wconf 79' lang='lat' dir='ltr'><strong>adhibitum</strong></span> <span class='ocrx_word' id='word_1_315' title='bbox 1099 2413 1129 2450; x_wconf 91' lang='lat' dir='ltr'><strong>re</strong></span> <span class='ocrx_word' id='word_1_316' title='bbox 1152 2399 1259 2452; x_wconf 84' lang='lat' dir='ltr'><strong>eriatur</strong></span> <span class='ocrx_word' id='word_1_317' title='bbox 1281 2398 1343 2460; x_wconf 85' lang='lat' dir='ltr'><strong>(cfr.</strong></span> 
     </span>
     <span class='ocr_line' id='line_1_31' title="bbox 167 2415 1344 2586; baseline 0.002 -70"><span class='ocrx_word' id='word_1_318' title='bbox 167 2465 333 2586; x_wconf 47' lang='lat' dir='ltr'><strong>izsalyerba</strong></span> <span class='ocrx_word' id='word_1_319' title='bbox 344 2466 472 2584; x_wconf 51' lang='grc' dir='ltr'><strong><em>ρτοῗίτιιτο</em></strong></span> <span class='ocrx_word' id='word_1_320' title='bbox 486 2465 637 2583; x_wconf 66' lang='lat' dir='ltr'><strong>seqtrtentia</strong></span> <span class='ocrx_word' id='word_1_321' title='bbox 645 2464 747 2584; x_wconf 36' lang='grc' dir='ltr'><strong>ιρρ272,</strong></span> <span class='ocrx_word' id='word_1_322' title='bbox 760 2465 803 2530; x_wconf 63' lang='grc'><strong>4),</strong></span> <span class='ocrx_word' id='word_1_323' title='bbox 820 2463 995 2585; x_wconf 34' lang='grc' dir='ltr'><strong><em>τιτὶισοὶίιειισ</em></strong></span> <span class='ocrx_word' id='word_1_324' title='bbox 1009 2466 1113 2548; x_wconf 73' lang='lat' dir='ltr'><strong>injuria</strong></span> <span class='ocrx_word' id='word_1_325' title='bbox 1127 2415 1232 2518; x_wconf 67' lang='lat' dir='ltr'><strong>‹iixeris</strong></span> <span class='ocrx_word' id='word_1_326' title='bbox 1245 2464 1344 2586; x_wconf 54' lang='grc' dir='ltr'><strong>εῗίἰεέίίο</strong></span> 
     </span>
     <span class='ocr_line' id='line_1_32' title="bbox 167 2548 1344 2679; baseline 0.001 -26"><span class='ocrx_word' id='word_1_327' title='bbox 167 2551 185 2586; x_wconf 71' lang='lat'>³</span> <span class='ocrx_word' id='word_1_328' title='bbox 219 2549 339 2668; x_wconf 59' lang='lat' dir='ltr'><strong>“aba</strong></span> <span class='ocrx_word' id='word_1_329' title='bbox 360 2548 1202 2679; x_wconf 45' lang='lat' dir='ltr'><strong>IactatvittatiVta‘ttttlttttttt</strong></span> <span class='ocrx_word' id='word_1_330' title='bbox 1215 2551 1248 2656; x_wconf 66' lang='lat' dir='ltr'><strong>It</strong></span> <span class='ocrx_word' id='word_1_331' title='bbox 1268 2549 1344 2664; x_wconf 58' lang='lat' dir='ltr'><strong>ists,</strong></span> 
     </span>
     <span class='ocr_line' id='line_1_33' title="bbox 167 2666 1345 2739; baseline 0 -18"><span class='ocrx_word' id='word_1_332' title='bbox 167 2670 245 2739; x_wconf 92' lang='lat' dir='ltr'><strong>quod</strong></span> <span class='ocrx_word' id='word_1_333' title='bbox 265 2675 309 2722; x_wconf 88' lang='lat' dir='ltr'><strong>est</strong></span> <span class='ocrx_word' id='word_1_334' title='bbox 328 2669 373 2722; x_wconf 92' lang='lat' dir='ltr'><strong>vel</strong></span> <span class='ocrx_word' id='word_1_335' title='bbox 390 2668 486 2736; x_wconf 91' lang='lat' dir='ltr'><strong>potius</strong></span> <span class='ocrx_word' id='word_1_336' title='bbox 505 2684 568 2720; x_wconf 88' lang='lat' dir='ltr'><strong>esse</strong></span> <span class='ocrx_word' id='word_1_337' title='bbox 587 2668 674 2720; x_wconf 87' lang='lat' dir='ltr'><strong>debet</strong></span> <span class='ocrx_word' id='word_1_338' title='bbox 692 2685 720 2720; x_wconf 90' lang='lat' dir='ltr'><strong>m</strong></span> <span class='ocrx_word' id='word_1_339' title='bbox 738 2667 814 2736; x_wconf 86' lang='lat' dir='ltr'><strong>Epit.</strong></span> <span class='ocrx_word' id='word_1_340' title='bbox 829 2684 914 2734; x_wconf 77' lang='lat' dir='ltr'><strong>prior.</strong></span> <span class='ocrx_word' id='word_1_341' title='bbox 928 2666 958 2720; x_wconf 88' lang='lat' dir='ltr'>C.</span> <span class='ocrx_word' id='word_1_342' title='bbox 972 2667 1080 2736; x_wconf 84' lang='lat' dir='ltr'>XCIII,</span> <span class='ocrx_word' id='word_1_343' title='bbox 1099 2673 1149 2721; x_wconf 91' lang='lat' dir='ltr'><strong>aut</strong></span> <span class='ocrx_word' id='word_1_344' title='bbox 1163 2671 1295 2731; x_wconf 66' lang='grc' dir='ltr'><strong><em>ἐνταῦθα,</em></strong></span> <span class='ocrx_word' id='word_1_345' title='bbox 1313 2673 1345 2722; x_wconf 92' lang='lat' dir='ltr'><strong>ut</strong></span> 
     </span>
     <span class='ocr_line' id='line_1_34' title="bbox 166 2733 1345 2815; baseline -0.003 -25"><span class='ocrx_word' id='word_1_346' title='bbox 166 2736 304 2806; x_wconf 85' lang='lat' dir='ltr'><strong>scriptum</strong></span> <span class='ocrx_word' id='word_1_347' title='bbox 319 2743 363 2789; x_wconf 88' lang='lat' dir='ltr'><strong>est</strong></span> <span class='ocrx_word' id='word_1_348' title='bbox 374 2736 402 2788; x_wconf 91' lang='lat' dir='ltr'><strong>in</strong></span> <span class='ocrx_word' id='word_1_349' title='bbox 413 2735 488 2804; x_wconf 89' lang='lat' dir='ltr'><strong>Epit.</strong></span> <span class='ocrx_word' id='word_1_350' title='bbox 501 2734 582 2813; x_wconf 75' lang='lat' dir='ltr'><strong>altor.</strong></span> <span class='ocrx_word' id='word_1_351' title='bbox 598 2734 628 2788; x_wconf 90' lang='lat' dir='ltr'>C.</span> <span class='ocrx_word' id='word_1_352' title='bbox 641 2733 747 2803; x_wconf 81' lang='lat' dir='ltr'>XCIII,</span> <span class='ocrx_word' id='word_1_353' title='bbox 760 2741 811 2790; x_wconf 89' lang='lat' dir='ltr'><strong>aut</strong></span> <span class='ocrx_word' id='word_1_354' title='bbox 822 2739 883 2799; x_wconf 74' lang='grc' dir='ltr'><strong><em>ἐκεῖ,</em></strong></span> <span class='ocrx_word' id='word_1_355' title='bbox 896 2737 973 2815; x_wconf 88' lang='lat' dir='ltr'><strong>quod</strong></span> <span class='ocrx_word' id='word_1_356' title='bbox 984 2741 1051 2804; x_wconf 89' lang='lat' dir='ltr'><strong>post</strong></span> <span class='ocrx_word' id='word_1_357' title='bbox 1063 2734 1129 2807; x_wconf 78' lang='grc' dir='ltr'><strong><em>γενό</em></strong></span> <span class='ocrx_word' id='word_1_358' title='bbox 1153 2735 1345 2798; x_wconf 70' lang='lat' dir='ltr'><strong>evurhabetur</strong></span> 
     </span>
     <span class='ocr_line' id='line_1_35' title="bbox 186 2759 1344 2884; baseline -0.002 -27"><span class='ocrx_word' id='word_1_359' title='bbox 186 2847 192 2857; x_wconf 92' lang='lat'>.</span> <span class='ocrx_word' id='word_1_360' title='bbox 206 2805 264 2870; x_wconf 83' lang='grc'><strong>181,</strong></span> <span class='ocrx_word' id='word_1_361' title='bbox 277 2803 301 2866; x_wconf 88' lang='grc'><strong>9,</strong></span> <span class='ocrx_word' id='word_1_362' title='bbox 316 2810 345 2857; x_wconf 90' lang='lat' dir='ltr'><strong>et</strong></span> <span class='ocrx_word' id='word_1_363' title='bbox 357 2811 423 2857; x_wconf 89' lang='lat' dir='ltr'><strong>ante</strong></span> <span class='ocrx_word' id='word_1_364' title='bbox 436 2809 480 2858; x_wconf 86' lang='grc' dir='ltr'><strong>καὶ</strong></span> <span class='ocrx_word' id='word_1_365' title='bbox 494 2801 630 2856; x_wconf 84' lang='lat' dir='ltr'><strong>facrllime</strong></span> <span class='ocrx_word' id='word_1_366' title='bbox 648 2802 820 2857; x_wconf 77' lang='lat' dir='ltr'><strong>intercidere</strong></span> <span class='ocrx_word' id='word_1_367' title='bbox 835 2808 935 2884; x_wconf 76' lang='lat' dir='ltr'><strong>potuit.</strong></span> <span class='ocrx_word' id='word_1_368' title='bbox 953 2835 987 2842; x_wconf 93' lang='lat'>—</span> <span class='ocrx_word' id='word_1_369' title='bbox 1001 2803 1030 2858; x_wconf 86' lang='lat' dir='ltr'><strong>V.</strong></span> <span class='ocrx_word' id='word_1_370' title='bbox 1042 2803 1059 2855; x_wconf 90' lang='grc'><strong>6</strong></span> <span class='ocrx_word' id='word_1_371' title='bbox 1072 2759 1255 2857; x_wconf 72' lang='lat' dir='ltr'><strong>scriiiendum</strong></span> <span class='ocrx_word' id='word_1_372' title='bbox 1268 2808 1344 2856; x_wconf 85' lang='lat' dir='ltr'><strong>erat:</strong></span> 
     </span>
     <span class='ocr_line' id='line_1_36' title="bbox 166 2870 1346 2994; baseline 0 -2"><span class='ocrx_word' id='word_1_373' title='bbox 166 2895 231 2993; x_wconf 51' lang='lat' dir='ltr'><strong>tt*</strong></span> <span class='ocrx_word' id='word_1_374' title='bbox 244 2870 624 2992; x_wconf 54' lang='lat' dir='ltr'><strong>”tilliidst&#39;u‘iiileil</strong></span> <span class='ocrx_word' id='word_1_375' title='bbox 637 2870 1186 2994; x_wconf 60' lang='lat' dir='ltr'><strong>ltllttttttstststtltt‘fl</strong></span> <span class='ocrx_word' id='word_1_376' title='bbox 1201 2871 1346 2958; x_wconf 51' lang='lat' dir='ltr'><strong>paga</strong></span> 
     </span>
     <span class='ocr_line' id='line_1_37' title="bbox 167 2957 1345 3086; baseline -0.002 -25"><span class='ocrx_word' id='word_1_377' title='bbox 167 2959 294 3080; x_wconf 45' lang='lat' dir='ltr'><strong>‹raviiisi&#39;uic</strong></span> <span class='ocrx_word' id='word_1_378' title='bbox 308 2982 460 3068; x_wconf 57' lang='grc' dir='ltr'><strong><em>πείθοντος</em></strong></span> <span class='ocrx_word' id='word_1_379' title='bbox 473 2980 542 3075; x_wconf 73' lang='grc' dir='ltr'><strong><em>πρὸς</em></strong></span> <span class='ocrx_word' id='word_1_380' title='bbox 554 3003 617 3062; x_wconf 82' lang='grc' dir='ltr'><strong><em>οἷον</em></strong></span> <span class='ocrx_word' id='word_1_381' title='bbox 627 2957 664 3076; x_wconf 62' lang='lat' dir='ltr'><strong>iii]</strong></span> <span class='ocrx_word' id='word_1_382' title='bbox 675 3029 746 3086; x_wconf 71' lang='grc' dir='ltr'><strong><em>ποτε</em></strong></span> <span class='ocrx_word' id='word_1_383' title='bbox 759 3005 875 3081; x_wconf 73' lang='grc' dir='ltr'><strong><em>στοργή,</em></strong></span> <span class='ocrx_word' id='word_1_384' title='bbox 896 3023 970 3078; x_wconf 87' lang='lat' dir='ltr'><strong>quae</strong></span> <span class='ocrx_word' id='word_1_385' title='bbox 989 2957 1088 3062; x_wconf 60' lang='lat' dir='ltr'><strong>cadim</strong></span> <span class='ocrx_word' id='word_1_386' title='bbox 1106 2960 1273 3076; x_wconf 47' lang='lat' dir='ltr'><strong>repoqne‘irvtig</strong></span> <span class='ocrx_word' id='word_1_387' title='bbox 1290 2961 1345 3061; x_wconf 45' lang='lat' dir='ltr'><strong>ezraii</strong></span> 
     </span>
     <span class='ocr_line' id='line_1_38' title="bbox 165 3072 1343 3156; baseline 0 -28"><span class='ocrx_word' id='word_1_388' title='bbox 165 3075 194 3128; x_wconf 90' lang='lat' dir='ltr'><strong>in</strong></span> <span class='ocrx_word' id='word_1_389' title='bbox 208 3078 358 3146; x_wconf 91' lang='lat' dir='ltr'><strong>utriusque</strong></span> <span class='ocrx_word' id='word_1_390' title='bbox 371 3076 445 3143; x_wconf 83' lang='lat' dir='ltr'><strong>Epit.</strong></span> <span class='ocrx_word' id='word_1_391' title='bbox 460 3072 490 3127; x_wconf 92' lang='lat' dir='ltr'>C.</span> <span class='ocrx_word' id='word_1_392' title='bbox 504 3092 527 3127; x_wconf 91' lang='lat' dir='ltr'><strong>c.</strong></span> <span class='ocrx_word' id='word_1_393' title='bbox 541 3105 572 3112; x_wconf 91' lang='lat'>-</span> <span class='ocrx_word' id='word_1_394' title='bbox 586 3073 686 3144; x_wconf 86' lang='lat' dir='ltr'><strong>Aeque</strong></span> <span class='ocrx_word' id='word_1_395' title='bbox 699 3076 809 3128; x_wconf 74' lang='lat' dir='ltr'><strong>mireris</strong></span> <span class='ocrx_word' id='word_1_396' title='bbox 823 3095 846 3129; x_wconf 92' lang='lat' dir='ltr'><strong>v.</strong></span> <span class='ocrx_word' id='word_1_397' title='bbox 861 3076 893 3128; x_wconf 90' lang='grc'><strong>12</strong></span> <span class='ocrx_word' id='word_1_398' title='bbox 906 3094 948 3146; x_wconf 92' lang='lat' dir='ltr'><strong>sq.</strong></span> <span class='ocrx_word' id='word_1_399' title='bbox 961 3092 1016 3128; x_wconf 91' lang='lat' dir='ltr'><strong>non</strong></span> <span class='ocrx_word' id='word_1_400' title='bbox 1034 3082 1180 3156; x_wconf 81' lang='lat' dir='ltr'><strong>rece-ptam</strong></span> <span class='ocrx_word' id='word_1_401' title='bbox 1194 3075 1302 3130; x_wconf 90' lang='lat' dir='ltr'><strong>codicis</strong></span> <span class='ocrx_word' id='word_1_402' title='bbox 1320 3073 1343 3128; x_wconf 91' lang='lat'>0</span> 
     </span>
     <span class='ocr_line' id='line_1_39' title="bbox 166 3143 1343 3214; baseline 0 -18"><span class='ocrx_word' id='word_1_403' title='bbox 166 3144 349 3212; x_wconf 84' lang='lat' dir='ltr'><strong>scripturam:</strong></span> <span class='ocrx_word' id='word_1_404' title='bbox 364 3143 583 3212; x_wconf 65' lang='grc' dir='ltr'><strong>ὑποδεξαμένην,</strong></span> <span class='ocrx_word' id='word_1_405' title='bbox 596 3159 682 3211; x_wconf 88' lang='lat' dir='ltr'><strong>quam</strong></span> <span class='ocrx_word' id='word_1_406' title='bbox 694 3143 814 3211; x_wconf 89' lang='lat' dir='ltr'><strong>praebet</strong></span> <span class='ocrx_word' id='word_1_407' title='bbox 826 3144 911 3196; x_wconf 87' lang='lat' dir='ltr'><strong>etiam</strong></span> <span class='ocrx_word' id='word_1_408' title='bbox 925 3149 1047 3214; x_wconf 86' lang='lat' dir='ltr'><strong>utraque</strong></span> <span class='ocrx_word' id='word_1_409' title='bbox 1058 3143 1134 3212; x_wconf 87' lang='lat' dir='ltr'><strong>Eprt.</strong></span> <span class='ocrx_word' id='word_1_410' title='bbox 1147 3143 1195 3198; x_wconf 88' lang='lat' dir='ltr'><strong>lc.</strong></span> <span class='ocrx_word' id='word_1_411' title='bbox 1208 3176 1242 3183; x_wconf 88' lang='lat'><em>-</em></span> <span class='ocrx_word' id='word_1_412' title='bbox 1252 3143 1343 3199; x_wconf 91' lang='lat' dir='ltr'><strong>Deni-</strong></span> 
     </span>
     <span class='ocr_line' id='line_1_40' title="bbox 167 3209 1344 3280; baseline -0.003 -14"><span class='ocrx_word' id='word_1_413' title='bbox 167 3229 224 3280; x_wconf 91' lang='lat' dir='ltr'><strong>que</strong></span> <span class='ocrx_word' id='word_1_414' title='bbox 238 3229 294 3266; x_wconf 92' lang='lat' dir='ltr'><strong>non</strong></span> <span class='ocrx_word' id='word_1_415' title='bbox 308 3211 406 3280; x_wconf 87' lang='lat' dir='ltr'><strong>liquet,</strong></span> <span class='ocrx_word' id='word_1_416' title='bbox 441 3227 478 3263; x_wconf 89' lang='lat' dir='ltr'><strong>ua</strong></span> <span class='ocrx_word' id='word_1_417' title='bbox 491 3211 526 3263; x_wconf 87' lang='lat' dir='ltr'><strong>de</strong></span> <span class='ocrx_word' id='word_1_418' title='bbox 539 3227 643 3263; x_wconf 85' lang='lat' dir='ltr'><strong>caussa</strong></span> <span class='ocrx_word' id='word_1_419' title='bbox 654 3209 818 3262; x_wconf 85' lang='lat' dir='ltr'><strong>Dresselius</strong></span> <span class='ocrx_word' id='word_1_420' title='bbox 831 3229 856 3262; x_wconf 90' lang='lat' dir='ltr'><strong>v.</strong></span> <span class='ocrx_word' id='word_1_421' title='bbox 870 3210 903 3262; x_wconf 87' lang='grc'><strong>14</strong></span> <span class='ocrx_word' id='word_1_422' title='bbox 916 3216 1067 3274; x_wconf 84' lang='grc' dir='ltr'><strong><em>πέπειστο,</em></strong></span> <span class='ocrx_word' id='word_1_423' title='bbox 1086 3212 1163 3280; x_wconf 92' lang='lat' dir='ltr'><strong>quod</strong></span> <span class='ocrx_word' id='word_1_424' title='bbox 1176 3212 1260 3265; x_wconf 92' lang='lat' dir='ltr'><strong>estin</strong></span> <span class='ocrx_word' id='word_1_425' title='bbox 1282 3213 1344 3265; x_wconf 87' lang='lat' dir='ltr'><strong>cod.</strong></span> 
     </span>
     <span class='ocr_line' id='line_1_41' title="bbox 166 3227 1345 3349; baseline -0.005 -13"><span class='ocrx_word' id='word_1_426' title='bbox 166 3227 545 3349; x_wconf 73' lang='lat' dir='ltr'><strong>0,p0sthabueritiect10ni</strong></span> <span class='ocrx_word' id='word_1_427' title='bbox 560 3278 622 3330; x_wconf 90' lang='lat' dir='ltr'><strong>cod.</strong></span> <span class='ocrx_word' id='word_1_428' title='bbox 636 3275 673 3330; x_wconf 91' lang='lat' dir='ltr'>C:</span> <span class='ocrx_word' id='word_1_429' title='bbox 695 3279 855 3332; x_wconf 75' lang='grc' dir='ltr'><strong><em>ἐπέπειστο,</em></strong></span> <span class='ocrx_word' id='word_1_430' title='bbox 890 3277 1044 3345; x_wconf 87' lang='lat' dir='ltr'><strong>Reperitur</strong></span> <span class='ocrx_word' id='word_1_431' title='bbox 1062 3278 1133 3331; x_wconf 86' lang='lat' dir='ltr'><strong>haec</strong></span> <span class='ocrx_word' id='word_1_432' title='bbox 1147 3280 1240 3331; x_wconf 88' lang='lat' dir='ltr'><strong>altera</strong></span> <span class='ocrx_word' id='word_1_433' title='bbox 1253 3278 1345 3331; x_wconf 88' lang='lat' dir='ltr'><strong>forma</strong></span> 
     </span>
     <span class='ocr_line' id='line_1_42' title="bbox 167 3343 1344 3416; baseline -0.005 -12"><span class='ocrx_word' id='word_1_434' title='bbox 167 3349 253 3404; x_wconf 91' lang='lat' dir='ltr'><strong>etiam</strong></span> <span class='ocrx_word' id='word_1_435' title='bbox 266 3348 293 3398; x_wconf 92' lang='lat' dir='ltr'><strong>in</strong></span> <span class='ocrx_word' id='word_1_436' title='bbox 305 3346 453 3416; x_wconf 87' lang='lat' dir='ltr'><strong>utriusque</strong></span> <span class='ocrx_word' id='word_1_437' title='bbox 465 3346 542 3414; x_wconf 88' lang='lat' dir='ltr'><strong>Epit.</strong></span> <span class='ocrx_word' id='word_1_438' title='bbox 558 3343 588 3398; x_wconf 91' lang='lat' dir='ltr'>C.</span> <span class='ocrx_word' id='word_1_439' title='bbox 603 3362 635 3412; x_wconf 83' lang='lat' dir='ltr'><strong>c,</strong></span> <span class='ocrx_word' id='word_1_440' title='bbox 649 3352 678 3398; x_wconf 89' lang='lat' dir='ltr'><strong>at</strong></span> <span class='ocrx_word' id='word_1_441' title='bbox 690 3345 755 3414; x_wconf 89' lang='lat' dir='ltr'><strong>plus</strong></span> <span class='ocrx_word' id='word_1_442' title='bbox 769 3343 857 3398; x_wconf 86' lang='lat' dir='ltr'><strong>semel</strong></span> <span class='ocrx_word' id='word_1_443' title='bbox 870 3349 1055 3413; x_wconf 78' lang='lat' dir='ltr'><strong>augmentum</strong></span> <span class='ocrx_word' id='word_1_444' title='bbox 1074 3345 1244 3414; x_wconf 84' lang='lat' dir='ltr'><strong>syllabicam</strong></span> <span class='ocrx_word' id='word_1_445' title='bbox 1266 3345 1344 3415; x_wconf 91' lang='lat' dir='ltr'><strong>plus-</strong></span> 
     </span>
     <span class='ocr_line' id='line_1_43' title="bbox 168 3411 1343 3489; baseline -0.004 -19"><span class='ocrx_word' id='word_1_446' title='bbox 168 3414 376 3489; x_wconf 84' lang='lat' dir='ltr'><strong>quamperfecti</strong></span> <span class='ocrx_word' id='word_1_447' title='bbox 394 3415 423 3466; x_wconf 91' lang='lat' dir='ltr'><strong>in</strong></span> <span class='ocrx_word' id='word_1_448' title='bbox 437 3421 558 3483; x_wconf 87' lang='lat' dir='ltr'><strong>utroque</strong></span> <span class='ocrx_word' id='word_1_449' title='bbox 572 3412 655 3466; x_wconf 92' lang='lat' dir='ltr'><strong>Hom.</strong></span> <span class='ocrx_word' id='word_1_450' title='bbox 670 3413 732 3465; x_wconf 87' lang='lat' dir='ltr'><strong>cod.</strong></span> <span class='ocrx_word' id='word_1_451' title='bbox 747 3412 881 3466; x_wconf 91' lang='lat' dir='ltr'><strong>omissum</strong></span> <span class='ocrx_word' id='word_1_452' title='bbox 899 3412 998 3464; x_wconf 87' lang='lat' dir='ltr'><strong>videre</strong></span> <span class='ocrx_word' id='word_1_453' title='bbox 1017 3417 1074 3474; x_wconf 87' lang='lat' dir='ltr'><strong>est,</strong></span> <span class='ocrx_word' id='word_1_454' title='bbox 1089 3411 1138 3464; x_wconf 84' lang='lat' dir='ltr'><strong>cfr.</strong></span> <span class='ocrx_word' id='word_1_455' title='bbox 1153 3428 1175 3466; x_wconf 92' lang='lat' dir='ltr'><strong>e.</strong></span> <span class='ocrx_word' id='word_1_456' title='bbox 1190 3428 1232 3480; x_wconf 87' lang='lat' dir='ltr'><strong>gr.</strong></span> <span class='ocrx_word' id='word_1_457' title='bbox 1245 3431 1270 3482; x_wconf 93' lang='lat' dir='ltr'><strong>p.</strong></span> <span class='ocrx_word' id='word_1_458' title='bbox 1284 3413 1343 3478; x_wconf 90' lang='grc'><strong>191,</strong></span> 
     </span>
     <span class='ocr_line' id='line_1_44' title="bbox 166 3478 1344 3557; baseline -0.003 -20"><span class='ocrx_word' id='word_1_459' title='bbox 166 3489 318 3557; x_wconf 72' lang='grc' dir='ltr'><strong><em>γεγένηντο</em></strong></span> <span class='ocrx_word' id='word_1_460' title='bbox 340 3482 384 3534; x_wconf 86' lang='lat' dir='ltr'><strong>vel</strong></span> <span class='ocrx_word' id='word_1_461' title='bbox 425 3487 585 3552; x_wconf 73' lang='grc' dir='ltr'><strong><em>εγέννηντο,</em></strong></span> <span class='ocrx_word' id='word_1_462' title='bbox 607 3498 633 3550; x_wconf 87' lang='lat' dir='ltr'><strong>p.</strong></span> <span class='ocrx_word' id='word_1_463' title='bbox 646 3480 706 3546; x_wconf 76' lang='grc'><strong>257,</strong></span> <span class='ocrx_word' id='word_1_464' title='bbox 719 3480 735 3532; x_wconf 87' lang='grc'><strong>2</strong></span> <span class='ocrx_word' id='word_1_465' title='bbox 749 3495 789 3548; x_wconf 89' lang='lat' dir='ltr'><strong>sq.</strong></span> <span class='ocrx_word' id='word_1_466' title='bbox 810 3478 1048 3551; x_wconf 70' lang='lat' dir='ltr'><strong>dtunsqomisuv,</strong></span> <span class='ocrx_word' id='word_1_467' title='bbox 1070 3495 1120 3548; x_wconf 94' lang='lat' dir='ltr'><strong>pro</strong></span> <span class='ocrx_word' id='word_1_468' title='bbox 1141 3495 1197 3547; x_wconf 92' lang='lat' dir='ltr'><strong>quo</strong></span> <span class='ocrx_word' id='word_1_469' title='bbox 1219 3481 1247 3532; x_wconf 90' lang='lat' dir='ltr'><strong>in</strong></span> <span class='ocrx_word' id='word_1_470' title='bbox 1266 3480 1344 3549; x_wconf 83' lang='lat' dir='ltr'><strong>Epit.</strong></span> 
     </span>
     <span class='ocr_line' id='line_1_45' title="bbox 169 3503 1344 3620; baseline -0.003 -14"><span class='ocrx_word' id='word_1_471' title='bbox 169 3555 251 3607; x_wconf 88' lang='lat' dir='ltr'><strong>alter.</strong></span> <span class='ocrx_word' id='word_1_472' title='bbox 267 3549 296 3603; x_wconf 90' lang='lat' dir='ltr'>C.</span> <span class='ocrx_word' id='word_1_473' title='bbox 309 3503 433 3616; x_wconf 68' lang='lat' dir='ltr'>LXXC,</span> <span class='ocrx_word' id='word_1_474' title='bbox 447 3567 504 3603; x_wconf 88' lang='lat' dir='ltr'><strong>nou</strong></span> <span class='ocrx_word' id='word_1_475' title='bbox 517 3547 764 3602; x_wconf 88' lang='lat' dir='ltr'><strong>consentientibus</strong></span> <span class='ocrx_word' id='word_1_476' title='bbox 779 3547 859 3601; x_wconf 90' lang='lat' dir='ltr'><strong>libris</strong></span> <span class='ocrx_word' id='word_1_477' title='bbox 873 3565 963 3616; x_wconf 80' lang='lat' dir='ltr'><strong>mser,</strong></span> <span class='ocrx_word' id='word_1_478' title='bbox 977 3547 1146 3616; x_wconf 91' lang='lat' dir='ltr'><strong>repositum:</strong></span> <span class='ocrx_word' id='word_1_479' title='bbox 1166 3546 1344 3620; x_wconf 79' lang='grc' dir='ltr'><strong><em>διιπεφωνὴ-</em></strong></span> 
     </span>
     <span class='ocr_line' id='line_1_46' title="bbox 165 3613 1345 3688; baseline -0.008 -13"><span class='ocrx_word' id='word_1_480' title='bbox 165 3639 233 3685; x_wconf 86' lang='grc' dir='ltr'><strong><em>κειν,</em></strong></span> <span class='ocrx_word' id='word_1_481' title='bbox 256 3619 333 3688; x_wconf 93' lang='lat' dir='ltr'><strong>quod</strong></span> <span class='ocrx_word' id='word_1_482' title='bbox 348 3617 436 3670; x_wconf 85' lang='lat' dir='ltr'><strong>habet</strong></span> <span class='ocrx_word' id='word_1_483' title='bbox 452 3616 476 3668; x_wconf 87' lang='lat' dir='ltr'><strong>E</strong></span> <span class='ocrx_word' id='word_1_484' title='bbox 497 3617 528 3669; x_wconf 90' lang='lat' dir='ltr'><strong>it.</strong></span> <span class='ocrx_word' id='word_1_485' title='bbox 546 3615 630 3684; x_wconf 88' lang='lat' dir='ltr'><strong>prior.</strong></span> <span class='ocrx_word' id='word_1_486' title='bbox 649 3615 678 3668; x_wconf 91' lang='lat' dir='ltr'>C.</span> <span class='ocrx_word' id='word_1_487' title='bbox 699 3614 820 3680; x_wconf 89' lang='lat' dir='ltr'>LXXII,</span> <span class='ocrx_word' id='word_1_488' title='bbox 839 3633 865 3685; x_wconf 86' lang='lat' dir='ltr'><strong>p.</strong></span> <span class='ocrx_word' id='word_1_489' title='bbox 878 3615 938 3682; x_wconf 87' lang='grc'><strong>288,</strong></span> <span class='ocrx_word' id='word_1_490' title='bbox 958 3615 990 3668; x_wconf 85' lang='grc'><strong>15</strong></span> <span class='ocrx_word' id='word_1_491' title='bbox 1007 3613 1248 3679; x_wconf 81' lang='grc' dir='ltr'><strong><em>πεπιστεύκεισαν,</em></strong></span> <span class='ocrx_word' id='word_1_492' title='bbox 1267 3614 1345 3685; x_wconf 87' lang='lat' dir='ltr'><strong>quod</strong></span> 
     </span>
     <span class='ocr_line' id='line_1_47' title="bbox 165 3635 1344 3772; baseline -0.003 -32"><span class='ocrx_word' id='word_1_493' title='bbox 165 3687 256 3772; x_wconf 71' lang='lat' dir='ltr'><strong>habet</strong></span> <span class='ocrx_word' id='word_1_494' title='bbox 274 3685 359 3739; x_wconf 92' lang='lat' dir='ltr'><strong>etiam</strong></span> <span class='ocrx_word' id='word_1_495' title='bbox 372 3685 447 3754; x_wconf 90' lang='lat' dir='ltr'><strong>Epit.</strong></span> <span class='ocrx_word' id='word_1_496' title='bbox 464 3635 513 3738; x_wconf 66' lang='lat' dir='ltr'><strong>ait.</strong></span> <span class='ocrx_word' id='word_1_497' title='bbox 528 3682 659 3748; x_wconf 89' lang='lat' dir='ltr'>CCVII,</span> <span class='ocrx_word' id='word_1_498' title='bbox 678 3684 744 3737; x_wconf 91' lang='lat' dir='ltr'><strong>dum</strong></span> <span class='ocrx_word' id='word_1_499' title='bbox 759 3683 834 3754; x_wconf 87' lang='lat' dir='ltr'><strong>Epit.</strong></span> <span class='ocrx_word' id='word_1_500' title='bbox 852 3683 938 3753; x_wconf 87' lang='lat' dir='ltr'><strong>prior.</strong></span> <span class='ocrx_word' id='word_1_501' title='bbox 952 3683 982 3738; x_wconf 88' lang='lat' dir='ltr'>C.</span> <span class='ocrx_word' id='word_1_502' title='bbox 997 3682 1077 3738; x_wconf 89' lang='lat' dir='ltr'>CVII</span> <span class='ocrx_word' id='word_1_503' title='bbox 1095 3683 1230 3754; x_wconf 88' lang='lat' dir='ltr'><strong>praebet:</strong></span> <span class='ocrx_word' id='word_1_504' title='bbox 1244 3685 1344 3739; x_wconf 71' lang='grc' dir='ltr'><strong><em>ἐπεπτ-</em></strong></span> 
     </span>
     <span class='ocr_line' id='line_1_48' title="bbox 170 3771 342 3811; baseline -0.017 0"><span class='ocrx_word' id='word_1_505' title='bbox 170 3771 342 3811; x_wconf 79' lang='grc' dir='ltr'><strong><em>στευκεισιιν,</em></strong></span> 
     </span>
     <span class='ocr_line' id='line_1_49' title="bbox 234 3818 1344 3891; baseline -0.002 -17"><span class='ocrx_word' id='word_1_506' title='bbox 234 3823 266 3874; x_wconf 90' lang='lat' dir='ltr'><strong>P.</strong></span> <span class='ocrx_word' id='word_1_507' title='bbox 278 3821 337 3888; x_wconf 87' lang='grc'><strong>273,</strong></span> <span class='ocrx_word' id='word_1_508' title='bbox 350 3822 367 3874; x_wconf 90' lang='grc'><strong>8</strong></span> <span class='ocrx_word' id='word_1_509' title='bbox 381 3837 431 3890; x_wconf 89' lang='lat' dir='ltr'><strong>pro</strong></span> <span class='ocrx_word' id='word_1_510' title='bbox 445 3818 479 3888; x_wconf 79' lang='grc' dir='ltr'><strong>ἦν</strong></span> <span class='ocrx_word' id='word_1_511' title='bbox 497 3825 649 3891; x_wconf 87' lang='lat' dir='ltr'><strong>postquam</strong></span> <span class='ocrx_word' id='word_1_512' title='bbox 667 3820 779 3889; x_wconf 88' lang='lat' dir='ltr'><strong>conjeci</strong></span> <span class='ocrx_word' id='word_1_513' title='bbox 800 3820 983 3874; x_wconf 88' lang='lat' dir='ltr'><strong>scribendum</strong></span> <span class='ocrx_word' id='word_1_514' title='bbox 1000 3836 1063 3874; x_wconf 86' lang='lat' dir='ltr'><strong>esse</strong></span> <span class='ocrx_word' id='word_1_515' title='bbox 1084 3825 1136 3888; x_wconf 78' lang='grc' dir='ltr'><strong><em>εἴη,</em></strong></span> <span class='ocrx_word' id='word_1_516' title='bbox 1160 3837 1235 3873; x_wconf 89' lang='lat' dir='ltr'><strong>nunc</strong></span> <span class='ocrx_word' id='word_1_517' title='bbox 1252 3820 1344 3888; x_wconf 86' lang='lat' dir='ltr'><strong>ipsum</strong></span> 
     </span>
     <span class='ocr_line' id='line_1_50' title="bbox 165 3885 1345 3958; baseline -0.004 -16"><span class='ocrx_word' id='word_1_518' title='bbox 165 3891 258 3956; x_wconf 87' lang='lat' dir='ltr'><strong>video,</strong></span> <span class='ocrx_word' id='word_1_519' title='bbox 271 3889 313 3942; x_wconf 88' lang='lat' dir='ltr'><strong>sic</strong></span> <span class='ocrx_word' id='word_1_520' title='bbox 326 3889 381 3958; x_wconf 86' lang='lat' dir='ltr'><strong>legi</strong></span> <span class='ocrx_word' id='word_1_521' title='bbox 398 3888 425 3940; x_wconf 89' lang='lat' dir='ltr'><strong>iu</strong></span> <span class='ocrx_word' id='word_1_522' title='bbox 439 3887 589 3958; x_wconf 90' lang='lat' dir='ltr'><strong>utriusque</strong></span> <span class='ocrx_word' id='word_1_523' title='bbox 601 3885 678 3956; x_wconf 84' lang='lat' dir='ltr'><strong>Epit.</strong></span> <span class='ocrx_word' id='word_1_524' title='bbox 693 3885 723 3939; x_wconf 81' lang='lat' dir='ltr'>C.</span> <span class='ocrx_word' id='word_1_525' title='bbox 747 3886 854 3944; x_wconf 80' lang='lat' dir='ltr'>XCIII.</span> <span class='ocrx_word' id='word_1_526' title='bbox 865 3919 897 3927; x_wconf 91' lang='lat'>—</span> <span class='ocrx_word' id='word_1_527' title='bbox 920 3888 1001 3950; x_wconf 83' lang='lat' dir='ltr'><strong>Quae</strong></span> <span class='ocrx_word' id='word_1_528' title='bbox 1022 3894 1180 3957; x_wconf 87' lang='lat' dir='ltr'><strong>sequuntur</strong></span> <span class='ocrx_word' id='word_1_529' title='bbox 1201 3887 1287 3938; x_wconf 89' lang='lat' dir='ltr'><strong>verba</strong></span> <span class='ocrx_word' id='word_1_530' title='bbox 1304 3886 1345 3938; x_wconf 83' lang='lat' dir='ltr'><strong>sie</strong></span> 
     </span>
     <span class='ocr_line' id='line_1_51' title="bbox 165 3952 1346 4024; baseline -0.005 -12"><span class='ocrx_word' id='word_1_531' title='bbox 165 3965 198 4012; x_wconf 92' lang='lat' dir='ltr'><strong>ut</strong></span> <span class='ocrx_word' id='word_1_532' title='bbox 217 3958 272 4010; x_wconf 90' lang='lat' dir='ltr'><strong>hoc</strong></span> <span class='ocrx_word' id='word_1_533' title='bbox 286 3957 350 4011; x_wconf 88' lang='lat' dir='ltr'><strong>loco</strong></span> <span class='ocrx_word' id='word_1_534' title='bbox 364 3963 393 4010; x_wconf 93' lang='lat' dir='ltr'><strong>et</strong></span> <span class='ocrx_word' id='word_1_535' title='bbox 407 3956 434 4008; x_wconf 90' lang='lat' dir='ltr'><strong>in</strong></span> <span class='ocrx_word' id='word_1_536' title='bbox 447 3955 523 4024; x_wconf 84' lang='lat' dir='ltr'><strong>Epit.</strong></span> <span class='ocrx_word' id='word_1_537' title='bbox 536 3955 654 4009; x_wconf 88' lang='lat' dir='ltr'><strong>alterius</strong></span> <span class='ocrx_word' id='word_1_538' title='bbox 668 3952 698 4007; x_wconf 89' lang='lat' dir='ltr'>C.</span> <span class='ocrx_word' id='word_1_539' title='bbox 712 3953 810 4007; x_wconf 85' lang='lat' dir='ltr'>XCIII</span> <span class='ocrx_word' id='word_1_540' title='bbox 824 3955 932 4023; x_wconf 84' lang='lat' dir='ltr'><strong>scripta</strong></span> <span class='ocrx_word' id='word_1_541' title='bbox 942 3961 1016 4022; x_wconf 87' lang='lat' dir='ltr'><strong>sunt,</strong></span> <span class='ocrx_word' id='word_1_542' title='bbox 1027 3956 1100 4008; x_wconf 92' lang='lat' dir='ltr'><strong>bene</strong></span> <span class='ocrx_word' id='word_1_543' title='bbox 1111 3953 1224 4008; x_wconf 88' lang='lat' dir='ltr'><strong>habent.</strong></span> <span class='ocrx_word' id='word_1_544' title='bbox 1238 3952 1346 4006; x_wconf 85' lang='lat' dir='ltr'><strong>Contra</strong></span> 
     </span>
    </p>
   </div>
   <div class='ocr_carea' id='block_1_5' title="bbox 165 4020 1345 4433">
    <p class='ocr_par' dir='ltr' id='par_1_6' title="bbox 165 4020 1345 4433">
     <span class='ocr_line' id='line_1_52' title="bbox 187 4020 1345 4140; baseline -0.006 -62"><span class='ocrx_word' id='word_1_545' title='bbox 187 4026 244 4079; x_wconf 92' lang='lat' dir='ltr'><strong>uod</strong></span> <span class='ocrx_word' id='word_1_546' title='bbox 263 4024 291 4077; x_wconf 93' lang='lat' dir='ltr'><strong>in</strong></span> <span class='ocrx_word' id='word_1_547' title='bbox 309 4025 386 4093; x_wconf 89' lang='lat' dir='ltr'><strong>Epit.</strong></span> <span class='ocrx_word' id='word_1_548' title='bbox 404 4023 506 4094; x_wconf 89' lang='lat' dir='ltr'><strong>prioris</strong></span> <span class='ocrx_word' id='word_1_549' title='bbox 525 4021 666 4076; x_wconf 82' lang='lat' dir='ltr'>CXCIII</span> <span class='ocrx_word' id='word_1_550' title='bbox 684 4039 783 4074; x_wconf 89' lang='lat' dir='ltr'><strong>versus</strong></span> <span class='ocrx_word' id='word_1_551' title='bbox 800 4021 884 4076; x_wconf 87' lang='lat' dir='ltr'><strong>finem</strong></span> <span class='ocrx_word' id='word_1_552' title='bbox 904 4022 1010 4075; x_wconf 90' lang='lat' dir='ltr'><strong>editum</strong></span> <span class='ocrx_word' id='word_1_553' title='bbox 1028 4027 1083 4085; x_wconf 88' lang='lat' dir='ltr'><strong>est,</strong></span> <span class='ocrx_word' id='word_1_554' title='bbox 1107 4020 1175 4074; x_wconf 83' lang='lat' dir='ltr'><strong>ferri</strong></span> <span class='ocrx_word' id='word_1_555' title='bbox 1193 4020 1345 4140; x_wconf 34' lang='lat' dir='ltr'><strong>nequit..—</strong></span> 
     </span>
     <span class='ocr_line' id='line_1_53' title="bbox 165 4043 1344 4160; baseline -0.008 -12"><span class='ocrx_word' id='word_1_556' title='bbox 165 4043 200 4148; x_wconf 48' lang='grc'><strong>2.</strong></span> <span class='ocrx_word' id='word_1_557' title='bbox 214 4093 247 4145; x_wconf 85' lang='grc'><strong>14</strong></span> <span class='ocrx_word' id='word_1_558' title='bbox 261 4110 311 4160; x_wconf 88' lang='lat' dir='ltr'><strong>pro</strong></span> <span class='ocrx_word' id='word_1_559' title='bbox 325 4091 389 4148; x_wconf 79' lang='grc' dir='ltr'><strong><em>οὔτε</em></strong></span> <span class='ocrx_word' id='word_1_560' title='bbox 403 4092 614 4160; x_wconf 87' lang='lat' dir='ltr'><strong>reponendum:</strong></span> <span class='ocrx_word' id='word_1_561' title='bbox 627 4088 664 4143; x_wconf 85' lang='grc' dir='ltr'><strong>οὐ</strong></span> <span class='ocrx_word' id='word_1_562' title='bbox 674 4092 709 4145; x_wconf 77' lang='grc' dir='ltr'><strong>δὲ</strong></span> <span class='ocrx_word' id='word_1_563' title='bbox 753 4089 833 4142; x_wconf 92' lang='lat' dir='ltr'><strong>Idem</strong></span> <span class='ocrx_word' id='word_1_564' title='bbox 846 4090 945 4143; x_wconf 90' lang='lat' dir='ltr'><strong>vitium</strong></span> <span class='ocrx_word' id='word_1_565' title='bbox 962 4089 1077 4157; x_wconf 90' lang='lat' dir='ltr'><strong>irrepsit</strong></span> <span class='ocrx_word' id='word_1_566' title='bbox 1094 4089 1122 4140; x_wconf 89' lang='lat' dir='ltr'><strong>in</strong></span> <span class='ocrx_word' id='word_1_567' title='bbox 1140 4089 1214 4156; x_wconf 74' lang='lat' dir='ltr'><strong>Epir,</strong></span> <span class='ocrx_word' id='word_1_568' title='bbox 1227 4105 1243 4140; x_wconf 91' lang='lat' dir='ltr'><strong>a</strong></span> <span class='ocrx_word' id='word_1_569' title='bbox 1257 4094 1344 4140; x_wconf 86' lang='lat' dir='ltr'><strong>tenus</strong></span> 
     </span>
     <span class='ocr_line' id='line_1_54' title="bbox 167 4155 1183 4229; baseline -0.006 -15"><span class='ocrx_word' id='word_1_570' title='bbox 167 4160 198 4214; x_wconf 91' lang='lat' dir='ltr'>C.</span> <span class='ocrx_word' id='word_1_571' title='bbox 211 4160 318 4216; x_wconf 88' lang='lat' dir='ltr'>XCIV.</span> <span class='ocrx_word' id='word_1_572' title='bbox 354 4161 388 4213; x_wconf 93' lang='lat' dir='ltr'><strong>In</strong></span> <span class='ocrx_word' id='word_1_573' title='bbox 400 4159 476 4228; x_wconf 87' lang='lat' dir='ltr'><strong>Epit.</strong></span> <span class='ocrx_word' id='word_1_574' title='bbox 490 4158 591 4229; x_wconf 75' lang='lat' dir='ltr'><strong>prloris</strong></span> <span class='ocrx_word' id='word_1_575' title='bbox 605 4155 636 4210; x_wconf 73' lang='lat' dir='ltr'>C,</span> <span class='ocrx_word' id='word_1_576' title='bbox 650 4155 744 4210; x_wconf 83' lang='lat' dir='ltr'>XCIV</span> <span class='ocrx_word' id='word_1_577' title='bbox 758 4155 821 4210; x_wconf 91' lang='lat' dir='ltr'><strong>libri</strong></span> <span class='ocrx_word' id='word_1_578' title='bbox 835 4175 916 4210; x_wconf 81' lang='lat' dir='ltr'><strong>mser.</strong></span> <span class='ocrx_word' id='word_1_579' title='bbox 930 4155 1092 4226; x_wconf 87' lang='lat' dir='ltr'><strong>porrigunt:</strong></span> <span class='ocrx_word' id='word_1_580' title='bbox 1105 4157 1183 4228; x_wconf 73' lang='grc' dir='ltr'><em>μηδὲ.</em></span> 
     </span>
     <span class='ocr_line' id='line_1_55' title="bbox 235 4223 1345 4313; baseline -0.005 -32"><span class='ocrx_word' id='word_1_581' title='bbox 235 4229 267 4281; x_wconf 90' lang='grc' dir='ltr'><strong>Ρ,</strong></span> <span class='ocrx_word' id='word_1_582' title='bbox 279 4227 340 4294; x_wconf 80' lang='grc'><strong>274,</strong></span> <span class='ocrx_word' id='word_1_583' title='bbox 353 4229 368 4280; x_wconf 93' lang='grc'><strong>7</strong></span> <span class='ocrx_word' id='word_1_584' title='bbox 380 4227 487 4294; x_wconf 85' lang='lat' dir='ltr'><strong>editum</strong></span> <span class='ocrx_word' id='word_1_585' title='bbox 501 4233 560 4281; x_wconf 90' lang='lat' dir='ltr'><strong>est:</strong></span> <span class='ocrx_word' id='word_1_586' title='bbox 574 4226 589 4282; x_wconf 88' lang='grc' dir='ltr'>ὁ</span> <span class='ocrx_word' id='word_1_587' title='bbox 604 4228 658 4286; x_wconf 80' lang='grc' dir='ltr'><strong><em>ιτῐις</em></strong></span> <span class='ocrx_word' id='word_1_588' title='bbox 670 4223 830 4313; x_wconf 69' lang='grc' dir='ltr'><strong><em>ἅνθρωπος,</em></strong></span> <span class='ocrx_word' id='word_1_589' title='bbox 844 4224 895 4305; x_wconf 72' lang='grc' dir='ltr'><strong>οὐχ</strong></span> <span class='ocrx_word' id='word_1_590' title='bbox 908 4224 924 4278; x_wconf 86' lang='grc' dir='ltr'><em>ὅ</em></span> <span class='ocrx_word' id='word_1_591' title='bbox 936 4246 977 4284; x_wconf 83' lang='grc' dir='ltr'><strong>τις</strong></span> <span class='ocrx_word' id='word_1_592' title='bbox 986 4223 1145 4302; x_wconf 53' lang='grc' dir='ltr'><strong><em>ἅνθρωπος,</em></strong></span> <span class='ocrx_word' id='word_1_593' title='bbox 1158 4224 1187 4277; x_wconf 90' lang='lat' dir='ltr'><strong>in</strong></span> <span class='ocrx_word' id='word_1_594' title='bbox 1197 4223 1345 4294; x_wconf 82' lang='lat' dir='ltr'><strong>Epitomes</strong></span> 
     </span>
     <span class='ocr_line' id='line_1_56' title="bbox 168 4291 1345 4366; baseline -0.003 -16"><span class='ocrx_word' id='word_1_595' title='bbox 168 4296 320 4366; x_wconf 88' lang='lat' dir='ltr'><strong>utriusque</strong></span> <span class='ocrx_word' id='word_1_596' title='bbox 335 4295 365 4351; x_wconf 90' lang='lat' dir='ltr'>C.</span> <span class='ocrx_word' id='word_1_597' title='bbox 379 4294 489 4350; x_wconf 87' lang='lat' dir='ltr'>XCIV:</span> <span class='ocrx_word' id='word_1_598' title='bbox 503 4327 537 4336; x_wconf 84' lang='lat'><em>-</em></span> <span class='ocrx_word' id='word_1_599' title='bbox 554 4294 587 4350; x_wconf 85' lang='grc' dir='ltr'><strong>οὐ</strong></span> <span class='ocrx_word' id='word_1_600' title='bbox 618 4293 660 4350; x_wconf 87' lang='grc' dir='ltr'><strong>ὃτι</strong></span> <span class='ocrx_word' id='word_1_601' title='bbox 676 4301 714 4354; x_wconf 86' lang='grc' dir='ltr'><strong><em>εἰς</em></strong></span> <span class='ocrx_word' id='word_1_602' title='bbox 725 4294 758 4353; x_wconf 60' lang='grc' dir='ltr'><strong>αἱ,</strong></span> <span class='ocrx_word' id='word_1_603' title='bbox 772 4311 806 4346; x_wconf 85' lang='lat' dir='ltr'><strong>ex</strong></span> <span class='ocrx_word' id='word_1_604' title='bbox 818 4291 948 4361; x_wconf 79' lang='lat' dir='ltr'><strong>plurimis</strong></span> <span class='ocrx_word' id='word_1_605' title='bbox 963 4291 1042 4346; x_wconf 89' lang='lat' dir='ltr'><strong>Iibrrs</strong></span> <span class='ocrx_word' id='word_1_606' title='bbox 1055 4308 1151 4359; x_wconf 79' lang='lat' dir='ltr'><strong>mscr·.;</strong></span> <span class='ocrx_word' id='word_1_607' title='bbox 1175 4295 1225 4346; x_wconf 88' lang='lat' dir='ltr'><strong>sed</strong></span> <span class='ocrx_word' id='word_1_608' title='bbox 1238 4293 1268 4346; x_wconf 89' lang='lat' dir='ltr'><strong>in</strong></span> <span class='ocrx_word' id='word_1_609' title='bbox 1280 4293 1345 4346; x_wconf 88' lang='lat' dir='ltr'><strong>adu.</strong></span> 
     </span>
     <span class='ocr_line' id='line_1_57' title="bbox 168 4359 1345 4433; baseline -0.003 -15"><span class='ocrx_word' id='word_1_610' title='bbox 168 4365 235 4418; x_wconf 77' lang='grc' dir='ltr'><strong>2οά</strong></span> <span class='ocrx_word' id='word_1_611' title='bbox 249 4363 327 4433; x_wconf 83' lang='lat' dir='ltr'><strong>Epit.</strong></span> <span class='ocrx_word' id='word_1_612' title='bbox 340 4365 423 4418; x_wconf 86' lang='lat' dir='ltr'><strong>alter.</strong></span> <span class='ocrx_word' id='word_1_613' title='bbox 442 4363 473 4419; x_wconf 90' lang='lat' dir='ltr'>C.</span> <span class='ocrx_word' id='word_1_614' title='bbox 486 4381 510 4420; x_wconf 86' lang='lat' dir='ltr'><strong>c.</strong></span> <span class='ocrx_word' id='word_1_615' title='bbox 527 4361 698 4433; x_wconf 78' lang='lat' dir='ltr'><strong>significavit</strong></span> <span class='ocrx_word' id='word_1_616' title='bbox 720 4359 896 4427; x_wconf 79' lang='lat' dir='ltr'><strong>Dresselirm,</strong></span> <span class='ocrx_word' id='word_1_617' title='bbox 915 4359 1061 4414; x_wconf 88' lang='lat' dir='ltr'><strong>meliorem</strong></span> <span class='ocrx_word' id='word_1_618' title='bbox 1083 4359 1138 4430; x_wconf 90' lang='lat' dir='ltr'><strong>ipsi</strong></span> <span class='ocrx_word' id='word_1_619' title='bbox 1155 4360 1245 4416; x_wconf 86' lang='lat' dir='ltr'><strong>videri</strong></span> <span class='ocrx_word' id='word_1_620' title='bbox 1266 4361 1345 4415; x_wconf 90' lang='lat' dir='ltr'><strong>illam</strong></span> 
     </span>
    </p>
   </div>
   <div class='ocr_carea' id='block_1_6' title="bbox 0 0 1586 4900">
    <p class='ocr_par' dir='ltr' id='par_1_7' title="bbox 0 0 1586 4900">
     <span class='ocr_line' id='line_1_58' title="bbox 0 0 1586 4900; baseline 0 0"><span class='ocrx_word' id='word_1_621' title='bbox 0 0 1586 4900; x_wconf 95' lang='lat' dir='ltr'><strong> </strong></span> 
     </span>
    </p>
   </div>
  </div>
 </body>
</html>
