3126 4894
541 298 697 349 armona
715 299 858 350 arram,
1225 287 1286 352 193

17 503 18 510 χ
103 443 285 516 astrologiae
303 444 419 514 quidem
437 461 495 498 non
514 461 574 523 sum
591 444 713 514 peritus:
732 461 849 514 quorum
867 451 962 499 autem
974 445 1107 516 peritiam
1118 447 1222 516 habeo,
1235 450 1285 504 illa

102 529 253 590 exponam.
280 511 355 576 Quia
369 511 497 565 Genesin
511 527 545 563 ex
559 529 566 562 1
591 529 621 564 sa
635 510 782 565 Geneseos
797 513 918 566 scientia
930 514 1076 567 confutare
1086 532 1205 584 nequeo,
1219 517 1284 571 volo

17 591 18 608 ¹
100 579 157 631 alra
168 579 285 632 ratione
303 580 469 644 ostendere,
489 595 539 647 per
587 579 613 630 ei
629 579 837 658 providentiam
854 597 899 634 res
916 581 1123 648 administrari,
1141 591 1170 636 ct
1186 601 1283 636 unum·
1323 583 1328 592 '

101 663 245 714 quemque
265 647 422 699 secundum
442 663 475 698 ea
493 663 565 713 quae
583 645 685 712 faciat,
703 649 858 716 praemium
870 649 917 702 vel
928 665 1035 727 poenas
1049 665 1112 702 esse
1122 656 1282 703 nacturum:

100 713 159 766 sive
173 719 275 766 autem
288 731 373 779 nune,
388 714 448 766 sive
461 711 595 782 posthac,
611 712 682 765 nihil
696 730 759 767 mea
771 714 900 782 interest,
913 715 969 768 nisi
983 716 1059 784 quod
1071 717 1184 770 omnino
1197 735 1281 770 unus-

98 781 223 849 quisque
236 781 363 834 fructum
377 797 558 848 eorumquae
571 781 694 852 gesserit
706 781 853 860 percipiet.
880 783 1095 836 Demonstratio
1107 790 1212 850 autem,
1225 803 1282 838 non

98 864 162 900 esse
181 847 330 912 Genesin',
348 847 421 901 haec
439 853 490 900 est.
525 847 568 899 Ex
586 847 767 902 adstantibus
785 849 809 900 si
832 849 894 918 quis
912 849 1002 904 oculis
1025 851 1063 904 sit
1081 851 1211 917 orbatus,
1233 857 1282 906 aut

97 915 232 968 mutilam
245 915 354 968 habeat
367 933 490 980 manum,
503 915 550 968 vel
561 915 664 984 pedem
678 915 823 982 claudum,
841 917 888 969 vel
901 917 930 970 in
943 934 1057 986 corpore
1071 919 1180 988 aliquid
1194 919 1281 986 aliud,

98 982 174 1050 quod
194 988 224 1036 et
241 983 337 1036 redire
355 983 392 1036 ad
410 983 608 1053 integritatem
623 1000 681 1036 non
693 983 802 1049 valeat,
820 989 848 1036 et
866 984 904 1037 sit
922 1002 1006 1054 supra
1019 1001 1128 1038 omnem
1141 987 1281 1057 magicam

97 1055 204 1102 artem:
226 1067 313 1130 quem
330 1067 422 1119 neque
438 1050 577 1121 astrologi
595 1067 625 1104 se
637 1049 824 1118 profiteantur
836 1057 998 1118 sanaturos,
1011 1053 1143 1121 quoniam
1156 1055 1192 1108 ab
1205 1055 1281 1108 omni

98 1117 198 1170 seculo
211 1117 288 1170 mhil
301 1118 361 1170 tale
381 1117 517 1188 contigit:
536 1134 589 1187 ego
607 1134 674 1170 vero
686 1115 780 1170 Deum
796 1127 929 1187 precatus
946 1119 1109 1174 sanitatem·
1115 1121 1279 1190 praebuero,

99 1185 336 1254 quandoquidem
353 1185 383 1237 id
400 1185 563 1238 nullatenus
580 1185 675 1254 potuit
691 1202 742 1254 per
760 1184 887 1239 Genesin
905 1187 1017 1256 corrigi.
1052 1187 1115 1240 Hoc
1134 1188 1175 1240 ita
1192 1189 1279 1256 facto,

98 1269 193 1304 nonne
202 1253 320 1316 errant,
341 1252 389 1320 qui
402 1253 432 1304 in
445 1257 610 1305 cunctorum
628 1252 759 1320 opificem
771 1253 865 1307 Deum
877 1255 1031 1308 maledicta
1044 1259 1073 1307 et
1085 1255 1279 1323 blasphemias

98 1318 282 1372 coniiciunt?
308 1319 470 1388 Respondit
488 1335 587 1372 senex:
617 1318 735 1374 Scilicet
753 1320 782 1372 id
799 1327 843 1374 est
861 1321 1016 1374 maledicta
1028 1319 1170 1386 conferre,
1184 1322 1279 1376 dicere

99 1385 262 1440 Geniturae
285 1386 390 1440 subiici
410 1385 563 1440 universa?
592 1387 701 1456 Excepi
722 1405 805 1467 eger·
820 1386 942 1442 Omnino
962 1394 1014 1442 est.
1049 1388 1123 1442 Nam
1140 1389 1165 1440 si
1181 1406 1278 1442 omnes

17 1513 18 1516 Ἴ
97 1453 248 1507 hominum
260 1470 368 1507 errores
382 1460 410 1508 et
423 1454 586 1524 impietates
600 1459 629 1507 et
645 1455 841 1524 impudrcrtrae
855 1472 889 1508 ex
902 1455 994 1508 stellis
1012 1455 1153 1521 oriuntur,
1176 1457 1278 1510 stellae

17 1571 18 1580 ,
98 1527 193 1574 autem
207 1521 247 1575 ad
260 1539 296 1574 ea
307 1521 441 1575 facienda
454 1539 471 1575 a
482 1521 545 1574 Deo
560 1521 734 1576 constitutae
749 1526 829 1588 sunt,
847 1539 902 1590 quo
920 1527 1085 1575 cunctorum
1104 1521 1277 1593 flagitiorum

99 1590 155 1708 GM
168 1589 348 1668 effectrices,
362 1589 485 1643 omnium
496 1594 618 1658 peccata
630 1590 667 1643 ad
680 1607 743 1642 eum
755 1589 927 1656 referuntur,
946 1590 994 1658 qui
1007 1589 1037 1642 in
1053 1590 1137 1642 astris
1150 1591 1277 1659 posuerit

128 1673 243 1710 enesrn.

167 1772 259 1826 CXV.
295 1773 333 1825 Et
355 1790 442 1827 senex
457 1773 619 1842 respondit:
638 1773 752 1842 Reapse
769 1774 916 1843 praeclara
934 1773 1045 1826 locutus
1064 1791 1108 1826 es:
1137 1774 1188 1827 sed
1200 1775 1274 1828 omui

17 1897 18 1910 ,
99 1846 164 1894 tuae
187 1841 409 1909 incomparabili
451 1841 594 1894 robationi
614 1858 677 1894 mea
699 1841 795 1895 obstat
816 1841 1000 1894 conscicntia.
1036 1840 1098 1911 Ego
1120 1841 1209 1905 enim,
1228 1843 1276 1922 qui

100 1909 264 1978 astrologus
285 1925 361 1971 sirm,
379 1915 408 1960 et
453 1925 531 1961 omae
549 1908 668 1977 primum
681 1907 824 1974 habitavi,
841 1909 949 1962 amicus
961 1908 1055 1962 factus
1069 1909 1215 1962 cuiusdam
1228 1927 1275 1978 qur

100 1982 160 2028 erat
173 1992 209 2028 ex
222 1992 328 2045 genere
343 1974 483 2042 Caesaris,
496 1976 550 2028 viri
562 1975 641 2028 illius
654 1976 804 2044 uxorisque
815 1976 876 2029 eius
888 1975 1056 2030 Genituram
1066 1981 1162 2030 notam
1173 1976 1274 2044 habui3

100 2060 220 2111 cumque
238 2043 358 2096 viderim
375 2060 433 2109 res,
452 2048 536 2112 prout
553 2042 664 2096 ferebat
683 2060 777 2096 eorum
791 2043 928 2109 Genesis,
945 2061 1043 2097 revera
1056 2044 1200 2110 evenisse,
1220 2060 1275 2098 scr-

99 2127 180 2162 mone
195 2127 212 2163 a
226 2116 255 2162 te
266 2126 375 2178 nequeo
385 2109 558 2189 persuaderi.
578 2109 714 2163 Habebat
727 2111 802 2163 enim
811 2111 913 2164 mulier
921 2111 1009 2164 talem
1019 2111 1274 2180 constellationem,

100 2194 172 2244 quae
185 2177 331 2230 adulteras
341 2177 421 2242 facit,
435 2183 465 2230 et
476 2194 570 2232 servos
580 2177 707 2247 proprios
717 2195 820 2244 amare,
834 2179 864 2230 in
873 2179 1102 2248 peregrinatione
1114 2183 1143 2232 et
1153 2179 1182 2231 in
1192 2180 1273 2248 aquis

100 2244 236 2314 defungi:
256 2245 332 2313 quod
349 2251 378 2298 et
394 2245 436 2298 ita
448 2244 556 2298 factum
570 2251 622 2297 est.
658 2245 765 2316 Incidit
777 2263 898 2314 namque
912 2247 941 2298 in
954 2263 1076 2299 amorem
1090 2247 1163 2298 servi
1177 2247 1230 2312 sui,
1244 2253 1274 2300 et

99 2312 280 2391 opprobrium
296 2329 353 2366 non
370 2311 464 2391 ferens
481 2311 558 2382 fugit
575 2329 639 2366 cum
651 2311 727 2382 ips03
746 2331 780 2367 ac
791 2330 910 2383 peregre
923 2313 1065 2383 profecta,
1085 2312 1185 2380 illique
1200 2331 1273 2366 com-

17 2397 18 2412 *
98 2384 194 2446 mista,
207 2379 294 2448 periit
305 2380 336 2432 in
348 2397 426 2433 mari.

153 2496 270 2576 criu.
304 2497 342 2550 Et
356 2497 567 2577 ego'respondi:
590 2496 674 2576 Unde
688 2496 758 2561 scis,
772 2495 847 2575 quod
859 2495 910 2548 illa
922 2494 1046 2616 fugiens,
1060 2495 1089 2547 in
1103 2495 1197 2548 alieno
1211 2496 1271 2574 solo

97 2570 194 2633 posita
207 2582 287 2618 servo
305 2571 433 2634 nupserit
450 2571 479 2618 et
497 2571 562 2634 post
580 2570 696 2633 nuptras
714 2563 800 2616 fuerit
819 2562 955 2617 defuncta
1003 2563 1041 2614 Et
1060 2578 1146 2615 senex
1166 2561 1271 2616 Certis-

99 2633 180 2697 sime,
193 2631 300 2700 inquit,
321 2633 395 2698 scio,
412 2649 510 2685 revera
526 2649 582 2684 non
599 2632 674 2701 quod
687 2629 816 2700 nupserit
829 2647 925 2696 servo,
938 2629 1167 2750 quandoquidem
1180 2647 1272 2708 neque

98 2699 175 2768 quod
197 2716 260 2752 eum
281 2705 400 2764 amaret,
424 2716 601 2770 agnoveram.
639 2699 695 2753 Sed
716 2704 866 2769 postquam
886 2715 936 2766 pro
951 2703 1015 2751 ecta
1036 2696 1271 2764 est,fraterv1ri

98 2767 159 2818 eius
186 2765 256 2818 mihi
282 2767 422 2820 enarravit
448 2783 558 2819 ornnem
585 2766 662 2819 illius
688 2783 822 2820 amorem:
854 2765 930 2835 quod
956 2765 1033 2834 ipse,
1061 2765 1109 2833 qui
1133 2763 1270 2818 honestus

98 2839 173 2898 erat,
195 2839 295 2902 utpote
318 2834 418 2900 frater,
443 2833 567 2886 noluerit
590 2840 682 2886 torum
705 2834 861 2898 maculare,
880 2839 909 2886 et
930 2850 985 2902 quo
1004 2831 1087 2886 modo
1103 2831 1218 2896 volens,
1237 2850 1271 2886 ac

98 2901 192 2970 ipsum
214 2906 300 2969 atque
329 2902 509 2970 opprobrium
533 2901 625 2954 verita
650 2903 702 2956 illa
728 2901 828 2955 infelix
849 2909 950 2970 (neque
976 2901 1051 2954 enim
1075 2899 1269 2969 imputandum

97 2970 125 3022 ei
143 2973 201 3034 est,
224 2969 290 3037 quia
308 2986 369 3022 eam
387 2967 510 3022 Genesis
530 2968 624 3022 facere
643 2969 695 3023 illa
715 2976 744 3024 et
781 2968 872 3038 erpcti
894 2967 1041 3048 compulit)
1063 2966 1177 3020 finxerit
1199 2986 1270 3021 som-

97 3036 190 3100 nium,
212 3053 344 3088 verumne
365 3036 539 3100 anfalcum,
560 3054 617 3089 non
636 3036 728 3090 habeo
751 2988 854 3090 dicae.
893 3035 998 3090 Aiebat
1016 3035 1156 3105 srquidem
1179 3036 1269 3106 ipsam

97 3103 219 3155 dixisse:
241 3102 365 3156 Adstitit
383 3103 452 3156 mihi
471 3103 586 3183 quidam
603 3121 653 3182 per
670 3105 776 3169 visum,
795 3105 842 3172 qui
861 3105 945 3156 iussit
962 3121 1005 3158 me
1021 3122 1084 3158 cum
1099 3103 1195 3156 liberis
1209 3104 1270 3157 sinc

95 3188 174 3224 mora
194 3171 263 3223 urbe
280 3172 369 3224 Roma
386 3171 492 3242 egredi.
526 3169 565 3222 At
586 3189 629 3223 v1r
649 3188 698 3240 pro
724 3171 816 3224 salute
841 3172 902 3223 eius
924 3170 1101 3239 filiorumque
1128 3171 1268 3224 sollicitus

96 3238 250 3292 confestim
264 3255 312 3290 eos
325 3239 496 3292 erudiendos
508 3237 638 3292 Athenas
650 3239 729 3290 misit
742 3255 804 3290 cum
817 3243 906 3290 matre
920 3243 949 3289 et
959 3239 1061 3290 servis:
1080 3238 1189 3290 habens
1203 3255 1269 3291 vero

96 3305 212 3359 tertium
226 3304 317 3358 filium
337 3306 392 3358 sibi
406 3323 468 3359 eum
480 3305 612 3374 retinuit3
631 3305 655 3358 is
669 3304 757 3369 enim,
771 3304 819 3372 qui
830 3321 966 3372 responsa
979 3304 1009 3356 in
1022 3305 1128 3356 somnis
1142 3305 1268 3368 dederat,

17 3403 18 3416 ,
96 3391 161 3427 cum
175 3390 208 3426 eo
222 3390 334 3426 manere
348 3373 427 3425 illum
439 3373 613 3442 permiserat.
638 3371 787 3426 Caeterum
799 3371 888 3422 multo
902 3371 999 3438 elapso
1013 3376 1138 3437 tempore
1153 3370 1219 3437 quia
1232 3371 1267 3422 ab

97 3457 131 3494 ea
144 3439 256 3493 litteras
268 3457 324 3492 non
338 3441 460 3509 accepit,
475 3458 590 3509 cumque
606 3457 689 3509 saepe
704 3438 833 3492 Athenas
846 3437 982 3503 misisset,
996 3441 1141 3504 assumpto
1151 3453 1205 3501 me,
1220 3437 1267 3504 qui

96 3509 124 3560 ei
137 3507 261 3561 omnium
274 3523 365 3560 essem
384 3508 633 3561 coniunctissimus
646 3525 679 3561 ac
692 3505 862 3570 fidissimus,
880 3505 916 3558 ad
929 3521 990 3558 eam
1004 3505 1193 3624 quaerendam
1206 3521 1267 3572 pro-

96 3576 191 3628 fectus
209 3581 260 3628 est.
296 3573 403 3643 Multos
423 3575 555 3644 equidem
572 3593 635 3628 cum
652 3575 714 3644 ipso
726 3574 757 3627 in
768 3573 997 3644 peregrinatione
1022 3571 1122 3626 abores
1135 3571 1268 3624 alacriter

96 3643 163 3706 tull,
182 3659 288 3696 memor
304 3643 380 3710 quod
391 3643 421 3695 in
433 3643 527 3712 prisea
540 3660 591 3695 sua
603 3643 744 3696 felicitate
757 3659 801 3695 me
817 3642 941 3695 onmium
952 3640 1100 3694 habuisset
1114 3639 1221 3693 socium
1233 3656 1266 3692 ac

96 3727 181 3779 supra
201 3727 298 3762 omnes
320 3710 426 3763 amicos
449 3709 606 3764 dilexisset.
641 3709 743 3780 Itaque
763 3709 853 3763 Roma
874 3709 1023 3774 solvimus,
1046 3707 1143 3778 sicque
1165 3708 1195 3760 in
1215 3707 1266 3760 has

147 3967 205 4032 Cap.
219 3967 310 4016 CXIV.
331 3961 357 4032 l)
367 3959 436 4028 αὕτη
448 3963 658 4016 ἕστινίην.Ο.-
753 3966 812 4031 Gap.
831 3965 922 4016 CXVI.
958 3961 984 4023 1)
1005 3959 1047 4011 ἐπ’
1064 3959 1222 4024 ἀλλοδαπῆς
1235 3963 1264 4012 0.

95 4029 123 4100 2)
140 4028 293 4101 ὀφθαλμὸν
311 4035 338 4082 0.
360 4060 395 4068 -
414 4030 441 4092 3)
459 4031 489 4083 (λλ
510 4049 558 4081 om.
576 4035 605 4082 0.
625 4060 658 4068 -
701 4059 734 4066 -
746 4028 773 4098 2)
789 4027 878 4096 perrel,
893 4035 946 4082 εἴτε
958 4027 1047 4094 ἀληθῆ
1060 4031 1111 4076 ord.
1125 4029 1175 4076 inv.
1190 4029 1219 4076 0.
1231 4055 1265 4062 -

93 4099 122 4162 4)
136 4095 222 4150 ὁπότε
236 4099 268 4150 δὲ
281 4095 396 4166 0.-5)
411 4095 484 4150 οὕτω
498 4101 526 4150 0.
701 4095 729 4165 3)
743 4097 817 4165 ἔλεγε
831 4101 859 4147 Ο.
879 4125 914 4132 -
934 4094 960 4160 4)
979 4093 1055 4161 αὐτῷ
1075 4097 1105 4145 V.
1124 4121 1157 4130 -
1176 4089 1265 4160 5)τῆς

145 4169 203 4234 Cap.
230 4167 309 4218 CXV.
357 4163 385 4234 1)
420 4163 545 4237 μεγάλως
569 4168 601 4218 V.
626 4193 660 4202 -—
702 4168 793 4215 omo.

93 4233 123 4295 2)
134 4231 207 4285 οὕτω
222 4237 251 4285 0.
266 4263 296 4270 -
310 4230 338 4300 3)
353 4235 482 4306 ἐρασθεὶς
494 4247 523 4295 0.

1060 4312 1083 4350 13
