3162 4900
375 367 420 414 ιι)
434 367 633 417 onunnuus
647 367 727 416 sou.
741 367 835 424 ouns
847 369 923 419 sun.
936 369 1113 420 nonnus.
1267 357 1328 421 217

158 524 216 575 τοῖς
229 519 349 597 λοιποῖς.
366 545 399 552 -
416 514 450 567 V.
467 515 499 566 13
510 513 701 583 praeferenda
714 521 781 583 erat,
795 517 819 568 si
832 514 901 586 quid
913 515 1005 584 video,
1025 517 1134 570 codicis
1148 518 1171 572 Ο
1190 499 1331 588 scriptura

160 585 326 715 inqtlprilrgg’
340 651 354 700 7
368 665 436 704 scr.:
450 654 726 722 προσκειμένων.

225 717 256 802 ¹'=
269 715 327 782 n,
340 717 467 814 ¹:²⁸⁰:
481 718 757 838 :ntes-'suit
770 723 815 837 ν
829 717 1330 842 enitet:{inconst

154 804 344 930 ζόάῖιιάόάιόό
350 785 496 930 iiim»
508 791 732 931 ἰγνῧῗῗδεάοοωα
743 804 1148 934 nst'anbresseiioseeuni'um
1162 855 1288 910 codicem
1303 855 1328 911 Ο

154 919 307 972 verborum
320 936 349 972 ιο
358 925 581 1039 ροιροιαιιοιοιο
591 920 674 973 illata
686 937 745 1001 non
756 925 801 974 est
813 921 1097 1006 apts3F1er1‘tamen
1115 929 1212 991 potest
1228 929 1329 1011 utnon

154 1003 273 1055 prorsus
286 1003 408 1055 spernen
431 1003 448 1040 a
461 988 573 1072 ert-sed³
589 989 725 1040 mutanda
737 1006 766 1040 ιιι
778 993 878 1074 κρκίας,
892 994 934 1042 :tn
946 993 979 1068 ut
992 1010 1007 1042 ο
1021 1007 1193 1082 προσκαιρος
1202 997 1331 1072 βασιλευς

154 1060 809 1193 {tiittitttittttttiptttttitt²is
830 1055 1329 1193 :¹32¹sstestudinis¹3:⁶3

155 1197 284 1268 pturam:
301 1189 372 1263 μετὰ
389 1191 441 1244 τοῦ
458 1175 665 1269 προσκυνῆσαι,
684 1189 787 1269 „simul
801 1207 901 1270 cuma
916 1193 1058 1271 oratione,
1078 1209 1141 1246 eum
1153 1192 1217 1272 ipsa
1229 1194 1329 1274 adora·

155 1256 1328 1395 ξθῑζιῑιῖιθι*122222121511212θέῖέιὲὲο1111122122

157 1343 263 1445 eiosJius
277 1392 350 1444 sumi
363 1345 565 1461 potes'tqipuod
579 1367 665 1446 etiam
678 1347 767 1446 ieros
779 1348 907 1461 proxime
920 1344 1248 1513 sequentioieffiistatis
1260 1347 1331 1464 rgge

155 1459 368 1539 praedicantur.
402 1460 526 1579 Anguis
540 1466 647 1538 censet,
661 1459 736 1514 inter
748 1461 836 1539 verba
847 1465 892 1539 καὶ
904 1465 934 1514 et
950 1459 1042 1538 πάντα
1058 1459 1121 1514 exci
1143 1461 1214 1541 isse:
1234 1465 1328 1542 ,ἐμεῖ-

157 1547 226 1588 νος,
240 1527 287 1580 vel
301 1529 455 1613 similgqur
484 1528 591 1606 {illud
607 1545 700 1595 ipsum
717 1527 831 1581 fecrlrus
845 1533 931 1581 etlam
944 1526 1076 1582 excidere
1089 1534 1198 1597 potuit,
1217 1547 1242 1582 οι
1254 1537 1330 1585 inter

158 1595 805 1732 νθΐῦἓ.ῗάῧῗῒ1οόςῐόυδιῗάῒτυιῃάόάῆόοιίροοιίοιε
825 1665 864 1718 ἔτι
885 1659 1267 1732 n,utSehweg1erus‚sed:
1289 1685 1328 1721 τι.

156 1729 235 1810 Voce
249 1733 289 1786 ἔτι
301 1746 363 1811 μοιι
381 1734 428 1810 est
442 1745 529 1798 opus,
549 1730 616 1801 quie
637 1732 667 1784 in
683 1731 784 1784 cedern
804 1729 1001 1785 enuntiatione
1018 1731 1078 1800 jam
1098 1737 1267 1802 antegressa
1284 1740 1330 1788 est

158 1797 254 1916 drotrfi
263 1802 435 1936 ῗδιδόὲιοπηοιῖ..
443 1863 545 1918 verba:
560 1864 739 1921 σπουδάσατε
754 1869 869 1939 πρῶτον
881 1864 1054 1921 ἐκδύσασθαι
1067 1865 1098 1920 τὸ
1109 1865 1237 1940 ῥυπαρὸν
1249 1866 1329 1941 ὑμῶν

153 1931 320 2055 πρόληιιμα,
335 1931 404 2003 ὅπερ
416 1935 494 1987 ἐστὶν
505 1931 665 2003 ἀκάθαρτον
681 1936 802 2013 πνεῦμα,
815 1940 860 1988 καὶ
870 1931 975 2009 μιαρόν
989 1938 1152 2054 περίβλημα,
1165 1934 1239 1988 binis
1251 1934 1329 1988 vitiis

152 2000 181 2052 la
206 2017 288 2054 orare
302 2017 469 2069 persuasum
483 1999 584 2053 habeo.
619 2001 721 2072 Neque
734 2017 809 2055 enim
821 2019 923 2055 sanum
936 2006 981 2054 est
995 2003 1103 2056 vocabu
1116 2020 1163 2074 urn
1176 2000 1330 2075 πρόλημμα

154 2084 252 2147 neque
266 2069 378 2138 justum
390 2068 484 2121 locum
498 2072 598 2120 tenent
610 2069 710 2122 verba:
729 2074 774 2124 καὶ
791 2067 896 2142 μιαρόν
908 2073 1023 2142 περίρλη
1047 2091 1071 2123 α.
1107 2070 1161 2123 Pro
1175 2069 1329 2156 πρόλημμα

153 2141 295 2204 scriptum
309 2141 371 2189 erat
383 2141 445 2188 aut:
459 2139 675 2216 πςριείλημα,
694 2142 745 2204 aut
755 2166 790 2176 —
801 2136 831 2189 id
844 2091 1114 2256 quodprobeiiilius
1127 2155 1173 2190 -ε
1195 2159 1328 2212 προκα-

152 2202 219 2323 λάμ
225 2225 283 2274 μα,
310 2221 367 2273 qun
384 2220 455 2256 voce
472 2201 520 2256 inc
538 2211 662 2270 scriptor
674 2222 743 2257 usus
757 2209 802 2257 est
819 2204 927 2257 Hom.l
944 2243 951 2268 ‚

964 2204 1006 2270 22,
1019 2221 1046 2273 p.
1058 2205 1101 2272 58,
1113 2205 1138 2258 5.
1174 2205 1265 2260 Porro
1278 2210 1329 2260 aut

153 2274 193 2324 de
206 2272 281 2324 enda
293 2277 361 2323 sunt
372 2272 471 2324 verba:
485 2269 555 2343 ὅπερ
569 2273 646 2325 ἐστὶν
657 2270 819 2343 ἀκάθαρτον
832 2273 949 2343 πνεῦμα,
964 2271 1071 2342 quippe
1083 2288 1157 2342 quae
1166 2272 1239 2326 nihil
1248 2273 1329 2327 aliud

152 2355 220 2392 esse
233 2340 344 2407 possint
355 2355 438 2408 quarn
450 2337 597 2392 adnotatio
607 2339 644 2392 ad
655 2356 715 2392 mar·
737 2339 811 2391 inem
822 2340 929 2406 scripta
939 2345 1043 2406 etpost
1052 2345 1160 2392 temere
1170 2340 1199 2392 in
1208 2345 1328 2410 textum,

174 2423 241 2458 uem
254 2411 371 2472 vocant,
384 2405 477 2471 illata,
493 2411 542 2458 eut
554 2404 704 2459 universus
716 2357 798 2461 focus
811 2407 852 2458 ita
865 2405 1095 2459 constituendus:
1107 2435 1142 2445 —
1154 2405 1186 2460 τὸ
1198 2406 1327 2480 ῥυπαρόν

152 2477 235 2548 υμῶν
247 2479 410 2557 περιείλημα
427 2475 472 2526 vel
485 2471 671 2545 προκάλυμμα
682 2480 727 2530 καὶ
738 2471 843 2547 μιαρὸν
856 2477 1018 2545 περίβλημα,
1035 2471 1105 2542 ὅπερ
1116 2475 1195 2529 ἐστὶν
1205 2471 1328 2548 ἀκάθαρ-

159 2561 212 2598 τον
224 2560 295 2596 πνιο
319 2563 343 2596 α.

223 2609 254 2660 P.
270 2612 279 2660 1
341 2610 353 2660 1
368 2626 410 2678 sq.
424 2609 524 2662 verba:
538 2609 589 2662 τοῦ
601 2611 651 2663 νῦν
662 2609 861 2677 βασιλεύοντος
877 2610 962 2662 κακοῦ
974 2606 1027 2663 τόν
1039 2607 1260 2677 ὡροσκοποῦντα
1279 2609 1328 2664 mi·v

153 2693 231 2756 σμον
240 2649 349 2757 ἀσρέρἀ,
357 2693 527 2760 quamquem
534 2682 632 2757 aperte
640 2683 775 2745 corrupta
785 2681 858 2756 sunt,
868 2692 925 2728 non
936 2674 1082 2760 satisfacit
1091 2682 1186 2760 temen
1195 2674 1328 2763 δρόμος-

153 2745 610 2880 121222111ιί11111·
623 2743 937 2885 vittisuittis?
955 2765 976 2797 ω
993 2763 1327 2883 :sennenn

152 2835 260 2949 aiiquis
274 2884 369 2932 mente
382 2878 575 2947 suppleverit:
589 2881 627 2950 τῷ
639 2884 801 2953 βιαζομένῳ.

222 2946 254 2999 Ρ.
266 2945 355 3014 201,3
376 2947 474 3018 neseio
496 2963 532 2998 nn
552 2949 745 3016 reponendum
765 2951 814 3002 sit:
839 2945 1019 3020 ἱδρύματα.
1043 2977 1078 2987 -
1101 2947 1136 3001 V.
1155 2947 1186 2999 11
1204 2945 1328 3002 delenda

153 3019 200 3068 est
212 3013 325 3082 virgula
337 3019 404 3067 ente
418 3014 467 3076 τὴν
479 3011 563 3069 πλάνι
572 3034 594 3077 ν,
628 3033 660 3069 ro
674 3015 778 3086 quibus
791 3015 886 3070 verbis
900 3033 950 3068 cur
963 3012 1064 3069 Schwe
1087 3015 1163 3068 ierus
1172 3013 1328 3085 legendum

153 3081 313 3160 censuerit:
332 3084 380 3150 τῆς
392 3080 504 3160 πλάνης,
520 3034 639 3137 δίάδοίἀο
652 3089 697 3137 est
709 3084 745 3137 ad
759 3083 952 3138 divinandum.
963 3115 998 3122 —
1009 3083 1043 3139 V.
1054 3033 1087 3138 li
1098 3101 1140 3153 sq.
1152 3081 1229 3136 idem
1243 3082 1328 3138 homo

154 3151 259 3203 doctus
273 3155 345 3203 citra
356 3154 557 3202 necessitatem
573 3149 715 3204 dubitavit
727 3152 763 3204 de
776 3152 931 3219 scriptura:
953 3155 1163 3221 παραδοθείσης
1180 3156 1226 3205 καὶ
1238 3157 1327 3222 φυλα-

148 3223 270 3288 χθείσης
282 3226 438 3288 θρησκείας,
459 3215 589 3270 Pendent
602 3217 674 3272 haec
685 3218 774 3272 verba
786 3235 820 3272 er
833 3224 981 3289 σπέρματα
993 3222 1099 3290 φυτῶν,
1111 3220 1152 3272 ita
1163 3224 1196 3272 ut
1208 3218 1328 3289 virgula,

152 3301 228 3355 quae
242 3289 287 3337 est
299 3290 365 3352 post
376 3291 532 3357 θρησκείας,
544 3285 673 3338 tollenda
686 3286 724 3338 sit
736 3290 766 3338 et
778 3292 845 3354 post
857 3287 955 3355 φυτῶν
967 3285 1146 3339 collocanda.

223 3353 254 3404 P.
267 3353 326 3420 202,
338 3351 355 3404 8
367 3369 418 3420 pro
430 3351 483 3423 γὰρ
491 3351 693 3430 scribendum:
714 3355 757 3408 δὲ.
793 3353 900 3407 Notum
917 3356 962 3404 est
978 3357 1088 3418 autem,
1107 3351 1160 3404 has
1173 3368 1259 3406 voces
1271 3351 1327 3408 fre-

157 3419 346 3490 quentissime
359 3421 507 3472 confundi.

222 3487 253 3539 P.
266 3489 325 3555 203,
339 3488 372 3539 15
386 3487 575 3556 praeferenda
587 3495 650 3542 erat
663 3486 771 3541 codicis
785 3485 818 3542 0.
832 3487 986 3555 scriptura:
1000 3482 1252 3567 διαμαρτύρεσθαι.
1311 3493 1327 3504 ·“

223 3553 254 3607 Ρ.
264 3554 323 3620 204,
336 3554 353 3607 3
365 3554 493 3624 vestigiis
507 3556 674 3625 scripturae,
688 3572 761 3626 quae
775 3555 859 3609 estin
872 3553 934 3608 cod.
948 3551 990 3619 0.,
1003 3553 1138 3607 insistens
1149 3554 1328 3622 scripserim:

155 3621 207 3688 τὴν
218 3624 270 3678 τοῦ
282 3625 312 3678 ἐν
324 3621 416 3693 αὐτῷ
434 3625 571 3694 δαίμονος
582 3621 684 3695 φυγήν.
700 3653 733 3662 -
753 3623 787 3676 V.
805 3624 837 3676 10
849 3621 878 3676 in
891 3621 988 3676 verbis
1004 3625 1050 3676 καὶ
1060 3619 1162 3682 αὐτοὺς
1175 3620 1222 3676 ὑπ’
1235 3621 1328 3678 αὐτῶν

155 3693 212 3746 τῶν
223 3689 429 3761 ἐνεδρευόντων
443 3689 586 3763 δαιμόνων
606 3690 819 3764 ἀναλισκόμενοι
836 3690 1000 3762 ἀγνοοῦσιν,
1018 3705 1113 3761 neque
1125 3688 1234 3755 αὐτοὺς,
1268 3693 1328 3745 nod

155 3757 319 3812 Dresselius
332 3758 367 3810 de
385 3757 528 3812 sententia
545 3755 721 3828 Schwegleri
733 3776 764 3813 re
786 3759 875 3828 osuit,
893 3775 987 3839 neque
1000 3758 1124 3827 τούτους,
1163 3759 1222 3812 uod
1244 3705 1328 3814 goto-

156 3826 243 3878 lerius
258 3827 516 3892 commendaverat,
530 3843 581 3896 pro
596 3833 731 3898 corrupta
743 3777 879 3882 uirorum
890 3831 1032 3896 scriptura
1041 3848 1106 3888 τους
1117 3775 1164 3880 seq
1173 3825 1239 3888 τοὺς
1247 3825 1328 3883 resti-

154 3895 298 3946 tuendum
307 3893 439 3960 arbitror,
453 3895 503 3947 sed
516 3900 577 3947 aut:
594 3901 686 3960 τέως,
699 3895 855 3964 „interea“‚
867 3900 931 3949 aut:
949 3891 1064 3955 οὕτως.
1082 3893 1191 3948 Vocem
1209 3899 1276 3956 τέως
1293 3911 1327 3948 ex

155 3961 257 4014 codice
276 3959 300 4014 Ο
318 3961 386 4014 huic
402 3960 535 4030 scriptori
553 3962 679 4016 reddidit
695 3962 781 4016 etiam
797 3962 959 4016 Dresselius
971 3979 998 4031 p.
1010 3961 1068 4027 222,
1081 3961 1106 4013 8.
1140 3959 1328 4031 Partieipium

153 4027 369 4127 ἀναλισκόμενα
381 4028 541 4083 arctissime
560 4030 783 4083 construendum
803 4047 867 4083 oum
886 4029 974 4083 verbo
990 4027 1156 4098 ἀγνοοῦσιν,
1173 4028 1329 4098 „ignorant

155 4113 186 4150 se
201 4095 358 4230 0323&ss
369 4179 424 4217 vox
438 4161 482 4218 ὅτι
495 4163 717 4260 haudquaquam
740 4169 785 4217 est
806 4163 950 4217 mutanda.
985 4160 1109 4214 Locutio
1131 4160 1197 4217 οὐδὲ
1210 4159 1254 4218 ότι
1267 4163 1328 4244 siue

155 4232 180 4297 ὅ,
194 4256 221 4288 τι
234 4231 391 4302 significat:
411 4232 501 4300 „nihil
513 4235 655 4286 omnino‘.
691 4230 731 4284 At
747 4247 804 4284 non
821 4231 895 4285 male
909 4228 1109 4299 Schweglerus
1122 4227 1287 4293 offendebat
1298 4247 1329 4286 ιιι

155 4300 278 4355 articulo
292 4301 316 4368 ἡ.
352 4299 430 4354 Fieri
448 4305 545 4354 tamen
564 4305 673 4370 potest,
692 4305 725 4352 ut
743 4315 800 4352 non
818 4315 936 4367 prorsus
957 4295 1079 4351 delenda
1096 4297 1134 4350 sit
1145 4297 1248 4354 vocula
1278 4298 1330 4354 sed

157 4372 296 4437 corrupta
308 4367 443 4422 habenda
456 4385 490 4422 ex
503 4365 578 4440 ἡμῖν.
602 4366 661 4421 Ofr.
675 4387 700 4422 v.
712 4370 729 4426 9
741 4373 771 4422 et
783 4367 824 4422 12.
837 4397 869 4406 -—
881 4365 916 4421 V.
928 4366 943 4418 7
958 4365 1028 4438 quid
1040 4363 1097 4418 sibi
1108 4364 1232 4422 voluerit
1243 4339 1330 4422 bres-
