3126 4894
283 301 344 366 194
750 317 978 370 οεοιιευευιι

282 472 321 543 είς
338 469 376 534 46
395 471 525 534 ἐνταῦθα
542 473 593 551 τῆς
611 470 717 575 Συρίας
727 471 801 573 μήρη
823 467 992 574 6444644466,
1013 464 1062 574 4466
1080 467 1113 531 06
1131 467 1204 548 μετὰ
1221 465 1363 542 πολλός
1348 468 1460 578 ημίρας

283 556 405 636 όθυμιῦν
428 552 606 635 ἐτελεύτησεν
634 551 686 636 ε’γολ
706 551 736 617 66
755 555 885 617 ἐνταῦθα
903 553 999 618 ε’λθιλν
1022 552 1076 625 464
1096 553 1143 616 646
1165 557 1222 617 των
1241 556 1340 637 χειρῶν
1360 554 1460 617 ἔκτοτε

281 641 358 721 μέχρι
372 663 422 702 του
411 641 517 718 δεῦρο
531 639 677 718 ποριζομαι
691 636 807 744 τροφός.

369 721 497 782 CXVII
527 723 640 828 Ταῦτα
654 722 906 881 τοῦγεροντος
858 719 984 794 εἰπόντος
997 719 1164 786 00440641'
1146 746 1189 783 044
1202 721 1234 785 64
1249 721 1337 824 ἔλεγεγ
1351 720 1457 784 τεθνό-

282 831 330 870 4044
350 807 491 909 γε’ροντα,
500 805 585 876 αὐτὸς
603 804 681 890 ήνίξ
695 833 734 868 ων
753 801 906 911 ἕλεγενό’
887 806 1023 908 υμίτερος
1036 831 1144 911 πατηρ,
1164 805 1215 869 οῦκ
1233 803 1450 910 ⁸³6⁰⁰¹606⁷²
1424 829 1459 906 τρ

283 889 352 954 καθ’
369 887 444 970 ῦμεὶς
455 888 531 992 0464444
519 893 758 994 ’συναντιλαβρῐα
772 891 864 992 με’χρις
875 885 982 970 λνῦμῖν
992 889 1234 995 προσανοίθωμαι
1250 889 1363 996 πλήν
1330 912 1369 952 τα
1380 887 1458 952 κατὰ

282 974 332 1076 τήν
346 973 438 1048 ξενίαν
458 973 544 1036 αὐτοῦ
562 973 753 1080 4644444446644.
762 968 809 1036 καὶ
823 973 871 1054 τήν
886 973 951 1076 λρην
969 972 1092 1054 μηνύσας
1107 970 1281 1056 ἀκριβείας”
1263 997 1356 1048 ενεκα,
1371 977 1457 1036 τοῦτο

282 1055 369 1140 μόνον
386 1054 568 1162 ἐπυθόμην,
568 1060 600 1121 τί
609 1057 699 1162 όνρμα
713 1059 754 1136 τῷ
769 1059 887 1140 γε’ροντις
906 1055 922 1120 ὁ
939 1055 998 1120 06*
975 1075 1049 1160 εφη·
1069 1062 1213 1128 Φαῦστος.
1229 1082 1255 1120 τι
1252 1053 1299 1120 '66
1312 1067 1373 1128 τοῖς
1387 1055 1458 1162 6466

283 1167 344 1246 μρις
364 1141 447 1214 υἱοῖςς
466 1138 483 1203 6
503 1139 568 1204 66'
551 1142 733 1221 υπεκρίνατο·
762 1149 923 1214 ‘61044044'404
937 1138 984 1204 καλΙ
1003 1140 1217 1214 Φαοστινιανός.
1232 1167 1259 1204 τι
1255 1138 1303 1204 66
1317 1143 1358 1218 4443
1374 1139 1459 1265 τρίτιρ

284 1226 350 1304 υἱιβς
364 1222 425 1289 666
439 1225 526 1328 ελπεγ·
542 1224 667 1332 Κλήμης.
682 1251 708 1290 τι
705 1224 800 1290 '66
766 1252 799 1307 τη
816 1224 921 1330 τούτων
935 1225 1031 1328 μητρίς
1045 1223 1138 1290 ἁλλ’
1122 1240 1191 1332 εφη
1207 1225 1389 1288 Ματθιόία.
1403 1220 1460 1286 6446

283 1308 469 1416 συμπαθείας
482 1302 531 1373 οῦν
544 1309 597 1390 ἐγω
585 1308 763 1391 σύνθακρυς
777 1309 929 1415 γενόμενος,
945 1307 1091 1414 0'444066064
1101 1309 1166 1381 4064
1174 1307 1274 1414 όχλρυς
1284 1307 1378 1414 ἦλθον
1387 1306 1461 1386 πρὸς

284 1395 366 1474 ὑμᾶς,
382 1391 428 1456 6404
440 1391 512 1474 μετὰ
525 1393 575 1476 τλγν
589 1391 666 1458 ἁλῶν
680 1395 824 1458 κοινωνίαν
838 1398 929 1457 ταῦτα
948 1391 1188 1498 προρανόθωμυι
1197 1391 1270 1473 ύμῖν.
1288 1392 1344 1474 πρὸ
1364 1389 1395 1458 66
1409 1393 1461 1453 τοῦ
1539 1455 1549 1472 ,

286 1479 363 1544 66034
372 1479 585 1575 μεταλαβεῖν’
556 1487 642 1577 ειπεῖγ
657 1475 717 1585 6444'4
731 1478 781 1542 οῦκ
795 1477 1014 1577 η’βιιυλήθην,’
978 1503 1078 1558 μηπως
1088 1475 1143 1541 ῦπὸ
1157 1476 1245 1557 λύπης
1254 1477 1416 1584 νικηθέντες
1431 1476 1461 1579 ἐγ

286 1569 319 1646 τῇ
334 1565 384 1624 τοῦ
405 1559 630 1660 βαπτίσματος
618 1564 706 1644 ημίριγ
721 1565 896 1686 πενθοῦντες
910 1559 1126 1642 64444464‘04444,t
1113 1560 1200 1666 644644
1214 1587 1262 1624 και
1254 1557 1387 1667 ἄγγελοι
1400 1559 1461 1661 χρί-

286 1671 387 1747 ρουριν.
402 1649 493 1708 ταῦτα
507 1673 557 1710 του
545 1647 727 1725 Πίτρου’
699 1645 825 1718 ειπόντος
830 1643 1067 1750 *ε’όακρύομεν.
1041 1671 1066 1710 οι
1081 1645 1185 1717 πάντες
1196 1644 1268 1724 μετὰ
1282 1650 1333 1726 της
1345 1641 1461 1725 μητρός.

287 1725 350 1833 666
364 1728 563 1836 δακρύφντας
549 1734 624 1810 ημᾶς
638 1729 735 1792 ι’όιλν”
718 1746 783 1832 εφη·
799 1733 847 1793 νῦν
861 1730 979 1832 ἕκαστμς
995 1727 1069 1811 ῦμοῦν
1083 1729 1164 1835 φόβῳ
1177 1733 1218 1808 τῷ
1232 1729 1303 1810 πρὸς
1317 1728 1390 1792 θεὸν
1404 1750 1462 1808 γεν-

286 1814 373 1884 ναίως
391 1814 497 1914 φερέτω
519 1813 556 1876 τὰ
575 1815 722 1894 λεχθέντα.
741 1815 774 1877 06
793 1813 847 1918 γὰρ
866 1814 899 1896 δή
917 1811 1034 1918 σήμερον
1053 1812 1118 1895 ύμῖν
1138 1809 1337 1895 ἐτελεύτησεν
1325 1837 1342 1875 ο
1355 1809 1462 1892 πατὴρ,

287 1896 361 1963 ἀλλὰ
376 1921 423 1958 και
414 1891 599 1972 ἔκπαλαι,ί
580 1923 619 1969 ως
633 1895 709 1979 ῦμεῖς
723 1897 963 2005 04016466444464’
935 1897 1069 1978 ειρήκατε.

374 1981 518 2042 CXVIII.
565 1984 667 2082 Ταῦτα
687 1985 736 2044 τοῦ
756 1982 868 2062 Πέτρου
886 1980 1013 2052 εἰπόντος
1030 1979 1047 2062 ή
1065 1979 1155 2082 μήτηρ
1172 1979 1210 2086 μή
1224 1980 1348 2083 φέρουσα
1362 1981 1464 2062 βοιῦσα

287 2068 353 2168 ἔφη·
372 2062 403 2128 06
411 2091 471 2166 μοι,
486 2063 566 2165 ἄνερ,
587 2062 663 2147 ἡμᾶς
677 2066 810 2148 ἀγαπῶν,
830 2067 915 2172 404644
932 2063 1155 2164 ἐτελεύτησας,
1141 2075 1220 2168 ιγμεῖς
1239 2060 1269 2127 66
1284 2068 1386 2139 ζιῦντες
1399 2066 1464 2143 φῶς

287 2150 395 2231 ὁρωμεν
409 2144 456 2212 καλ
467 2153 576 2256 τροφῆς
588 2149 923 2254 μεταλμμβιίνομεγ.’
860 2175 939 2213 ουπω
950 2146 1023 2212 66
990 2175 1040 2232 της
1049 2154 1116 2230 μιᾶς
1131 2148 1233 2253 ταύτης
1235 2148 1382 2246 ,ὀλυλιγής
1391 2172 1462 2209 παυ-

287 2235 408 2342 ορμίνης
423 2230 508 2297 6606
496 2259 512 2296 0
526 2235 612 2317 γε’ρων
626 2258 723 2338 ειρηει,
745 2260 793 2298 και
807 2260 875 2340 αμα
883 2235 924 2312 443
943 2233 1098 2316 βούλεσθαι
1112 2233 1198 2297 αὐτὸν
1214 2237 1263 2313 της
1277 2235 1400 2314 κραυγῆς
1413 2231 1465 2312 τήν

289 2318 383 2383 αἰτίαν
401 2315 617 2424 ρυνθυὶνεσθαι,
637 2317 676 2390 44’4
694 2317 744 2400 τήν
718 2327 875 2422 γγυναῖκμ
872 2317 1063 2423 ε’μβλελμας
1046 2332 1112 2424 εφη·
1135 2314 1166 2380 υί
1175 2343 1229 2417 μοι,
1245 2343 1272 2380 τι
1269 2316 1365 2380 ’θιλει
1379 2319 1465 2378 τοῦτο

289 2404 373 2477 4464044
366 2401 451 2466 ·46404
464 2399 538 2480 ὁρῶ,-
557 2399 725 2482 προσελθών
740 2408 769 2466 64
783 2428 830 2466 και
846 2401 1052 2506 ἀκριβίρτερον
1052 2401 1164 2466 ἐνιδὼν1
1180 2427 1227 2465 44044
1219 2396 1363 2502 ὁραθείς
1377 2423 1464 2502 περιρ-

289 2487 413 2552 πλίκετυ.
434 2510 460 2548 οι
455 2483 543 2548 “66
529 2485 585 2590 4446
605 2489 697 2592 χαρᾶς
717 2486 855 2594 04'444464'04
869 2484 1052 2593 6464404‘4044’
1035 2485 1196 2590 αμφότεροι,
1211 2510 1257 2548 και
1249 2480 1366 2549 λαλεῖν
1383 2481 1466 2563 ἀλλή-

288 2578 346 2643 λοις
364 2567 539 2676 βουλόμενοι,
544 2569 671 2674 α’φασίρ
689 2571 907 2676 0601664'4444'
891 2597 921 2633 εκ
937 2574 984 2652 τῆς
999 2569 1143 2650 ἀπλήστου
1156 2594 1249 2650 χαρας
1263 2569 1312 2632 ολκ
1326 2525 1467 2671 ήὸύνρνίο

289 2665 407 2736 κρατεῖν.
427 2649 475 2717 44046
493 2653 552 2734 μετ’
567 2654 600 2717 06
619 2651 721 2718 πολλ
708 2653 865 2758 ηΗμήτηρ
847 2654 911 2736 ἔφη
934 2654 988 2734 ἔχω
1003 2652 1358 2757 σε,(1)αῦστε,τονκριτὰ
1367 2650 1466 2714 πάντα

288 2765 334 2820 μοι
356 2736 530 2843 γλυιιῦτατρτι
548 2742 610 2810 πῶς
628 2764 686 2819 αρα
711 2741 769 2844 ζής,
791 2765 823 2803 ον
845 2736 885 2811 064
903 2742 1051 2802 τεθνεῶτα
1069 2741 1156 2818 μικρῷ
1175 2735 1271 2842 τάχιον
1290 2735 1466 2840 ηκούσυιμεν;

289 2817 406 2922 πλήν
374 2847 450 2927 ουτμι
468 2817 537 2885 44’064
549 2819 632 2926 ήμρῦν
651 2822 744 2928 662‘
715 2819 768 2886 4406
792 2828 951 2926 Φαυστῖγος
969 2817 1016 2885 44446
1041 2821 1248 2894 ‘604440444404464
1267 2817 1315 2884 καὶ
1337 2818 1465 2920 Κλήμης

289 2911 381 2970 ταῦτα
396 2904 525 3008 ειλτολμης
542 2903 619 2986 ἡμεῖς
640 2906 668 2969 06
665 2931 756 3008 τρεις
774 2904 979 3010 προσπεσόντες
998 2903 1074 2984 αὐτῷ
1093 2931 1142 2970 και
1133 2901 1416 2988 καταφιλοῦντες’
1398 2929 1466 2984 αμυ

290 2995 363 3068 δρώς
376 3013 438 3060 πως
452 2987 501 3070 τήν
513 2987 623 3069 μορφήν
638 2989 725 3053 αὐτοῦ
738 2989 1057 3097 4404444404466404464.

376 3071 491 3132 CXIX.
539 3076 640 3134 Ταῦτα
658 3071 803 3178 βλέπων
789 3099 811 3179 6
831 3074 982 3182 114'4064'
966 3087 1032 3156 εφη
1054 3067 1092 3177 66
1115 3074 1142 3136 εἶ
1163 3069 1335 3174 Φαῦστος
1321 3098 1338 3136 0
1361 3069 1468 3173 ταύτης

290 3156 361 3265 οἷγήρ
380 3151 427 3219 4046
440 3159 496 3218 40'44
512 3154 598 3236 αῦτης
611 3158 720 3260 παίδων
735 3157 843 3264 αατήρ;
864 3152 956 3222 ὁδλ”
940 3175 1006 3264 εφη·
1021 3155 1074 3264 ι’γοή
1090 3157 1152 3238 ιίμι.
1167 3153 1215 3262 6446
1229 3184 1245 3221 0
1235 3156 1388 3263 Πελρυς
1404 3162 1468 3230 πῶς

289 3239 337 3346 οῦμ
357 3266 403 3322 μοι
422 3238 504 3311 4064¹
528 3245 653 3347 σεαυτοῦ
666 3239 705 3314 ὡς
726 3267 790 3324 περι
781 3238 890 3306 ἄλλου
904 3240 1021 3346 διηχήσρ
1034 3237 1138 3314 πόνους
1152 3241 1238 3305 εἰπὼν
1252 3268 1301 3304 και
1291 3238 1406 3344 λύπην
1421 3237 1469 3306 καὶ

289 3325 400 3407 τόφονς
419 3320 467 3431 4466
485 3320 503 3387 6
521 3323 615 3407 πατὴρ
634 3325 816 3432 644444064640
837 3326 989 3408 προσγενής
1001 3323 1136 3431 ύπρίρχωρ
1156 3327 1307 3430 Καίσριρος
1327 3323 1376 3390 4406
1395 3328 1469 3408 περί·

289 3412 404 3516 64040042
421 3437 460 3491 μη
447 3408 572 3472 θελων
586 3411 725 3511 γενίσθαι
743 3411 782 3482 44'4
806 3409 891 3474 ἄλλου
909 3409 1047 3513 τινὸς3
1019 3436 1070 3492 την
1089 3408 1251 3514 ἐξήγησιν’
1233 3410 1470 3536 ανετοπφσόμην,

291 3494 337 3557 6404
353 3494 439 3564 αὐτὸς
452 3493 528 3565 ὅστις
542 3489 594 3574 εἰμί
608 3493 646 3575 μή
661 3495 837 3598 ε’πιγνφσθιῦ.
851 3493 972 3576 ήδειν
941 3519 995 3600 γαρ
1009 3493 1059 3567 644,
1073 3494 1103 3556 46
1113 3493 1316 3602 α’ναγνιόριμος
1321 3495 1470 3577 γένωμαι*

290 3578 318 3640 04'
330 3577 406 3640 κατὰ
419 3572 507 3640 τόπον
500 3576 663 3682 ἡγούμενα
676 3577 860 3653 644060044444,
883 3579 1010 3658 Καίσαρι
1031 3580 1215 3684 κεχαρισμένα
1234 3583 1380 3650 ποιοῦντες
1401 3579 1470 3642 6404·

291 3662 466 3763 444464'6444444,
480 3685 530 3742 την
544 3686 594 3723 404
582 3662 676 3763 βίου
681 3686 728 3742 μοι
742 3661 917 3764 ελόαιμονιαν
937 3660 1143 3767 περιθήσουσιν,
1158 3656 1235 3744 ᾧπερ
1244 3662 1470 3765 λλπεταξόμηυ.

290 3743 392 3824 οὐγὰρ
406 3743 544 3824 ἠδυνάμην
559 3741 622 3822 περί.
636 3747 692 3806 4044
706 3741 765 3826 ι’μολ
785 3745 969 3848 η’γαμημίνων
989 3745 1026 3809 τὰ
1043 3770 1159 3828 μεγιστα
1179 3745 1219 3818 ὡς
1237 3743 1300 3829 περὶ
1315 3747 1471 3812 θανόντων

291 3827 386 3906 κρίνας
400 3826 471 3904 πρὸς
486 3827 535 3909 τήν
548 3852 599 3890 του
586 3829 674 3929 βλνυ
687 3828 808 3892 ἑαυτὸν6
822 3829 979 3892 ἀποδοῦναι
993 3827 1089 3936 διήξαν.

376 3909 476 3969 CXX.
521 3907 610 3973 Καὶ
597 3937 614 3974 0
629 3912 772 3992 114'44404‘
755 3928 821 3994 εφη·
841 3915 933 3976 ταῦτα
947 3911 1001 4017 μὲν
1011 3915 1155 3993 ἐποίησας,
1171 3939 1211 3986 044
1218 3913 1390 4022 ίβουλρίσω.
1407 3941 1472 4017 περι
1509 3919 1512 3926 '

292 3990 322 4058 δὲ
334 3994 466 4098 γενίρεως
479 4019 539 4098 αρα
557 3993 727 4075 ψευδόμενος
739 3994 960 4098 ῦιὶσχυριζου,
944 4023 961 4078 η
980 3994 1021 4098 064
1034 3996 1191 4123 αληθεόων
1210 3999 1369 4106 ε’βεβαίουςς
1390 4025 1440 4062 και
1455 4025 1471 4061 0

291 4077 389 4180 πατήρ
399 4075 462 4158 ἔφη
485 4078 517 4176 ολ
537 4077 679 4180 φιύσομαι
695 4076 767 4158 πρὸς
784 4080 824 4142 σε’.
848 4079 1006 4185 υἷληθιῦς
987 4081 1044 4152 044¹
1047 4080 1150 4163 οῦσης
1168 4085 1301 4186 γενέσεως
1315 4084 1472 4191 ε’βεβαιρυν.

291 4156 343 4236 ειμλ
359 4160 422 4262 γελρ
427 4159 476 4222 0644
494 4159 616 4263 ἀμύητος
629 4165 679 4224 τοῦ
692 4161 892 4243 θεωρήματος
914 4161 987 4242 πλήν
991 4169 1085 4270 συνῆν
1089 4167 1151 4273 ,μοί
1159 4190 1201 4238 τις
1216 4165 1437 4272 σήστρολόγων’
1416 4193 1473 4248 αρι-

212 4289 216 4299 .
291 4265 358 4338 6404
376 4241 446 4321 ἀνηρ
467 4242 623 4344 Αἰγύπτιος
645 4245 848 4350 Ἀννοιγβιῦυν’
831 4246 964 4327 ονόματι,
986 4274 1063 4353 60444
1081 4252 1110 4314 64
1128 4259 1193 4322 ταῖς
1212 4250 1385 4353 α’πμόημίαις
1409 4251 1471 4316 κατ’

293 4322 383 4399 ἀρχάς
396 4349 442 4400 4⁴⁰¹
456 4322 628 4404 664046'4‘
600 4351 648 4390 τοι
662 4330 712 4407 τῆς
727 4330 792 4409 ε’μῆε
804 4331 921 4412 ουμβίου
933 4332 1076 4412 μετὰτῶν
1090 4335 1194 4398 τέκνων
1213 4334 1349 4400 θάνατον
1364 4337 1474 4419 ἐδήλου.
