3126 4894
571 292 726 342 61116116
744 294 887 344 annuns.
1253 281 1313 348 139

136 433 214 486 solet
227 451 405 490 concurrere.
430 436 576 508 Quotquot
588 439 678 510 igitur
689 458 812 510 unquam
824 459 920 496 verum
933 443 1124 512 quaesierunt,
1139 461 1168 498 se
1181 451 1314 514 putantes

135 505 166 558 id
176 523 231 576 per
244 510 337 558 semet
349 505 427 574 ipsos
444 522 529 574 posse
542 505 685 574 invenire,
705 508 802 562 divina
819 509 949 562 nimirum
967 509 1097 564 doctrina
1112 529 1168 565 non
1185 522 1313 584 egentes,

135 573 256 642 decepti
275 577 355 625 sunt:
372 571 414 652 Ι111
449 573 506 626 uod
529 579 559 626 et
576 573 748 629 Graecorum
771 577 949 645 sapientibus
974 583 1003 630 et
1020 577 1208 632 Barbarorum
1231 580 1313 634 anxie

134 643 278 697 studiosis
297 647 401 695 evcnit.
465 658 510 694 am
532 642 703 696 coniecturis
722 645 936 698 considerantes
957 645 1084 700 visibilia
1108 646 1243 700 derebus
1264 648 1312 702 ob·

135 711 230 764 scuris
251 708 488 780 pronunciatum,
510 710 586 779 quod
607 710 662 764 sibi
681 713 891 791 quoquomodo
909 713 1072 780 videbatur,
1095 713 1125 766 id
1141 731 1237 768 verum
1250 732 1313 769 esse

134 778 286 843 arbitrati,
299 777 463 830 nescientes
492 777 566 846 quod
579 777 627 848 qui
640 784 791 832 veritatem
804 780 930 850 quaerit,
948 798 965 834 a
978 799 1028 834 suo
1041 799 1132 834 errore
1145 800 1201 836 non
1218 789 1314 863 potest

134 865 202 901 eam
214 845 375 899 addiscere.
411 814 504 911 Unde,
517 845 608 898 amice
622 845 765 912 Clemens,
779 847 804 900 si
817 847 907 918 cupis,
940 865 993 903 uae
1006 848 1145 903 adDeum
1157 857 1312 919 pertinent,

134 929 324 984 cognoscere,
338 930 355 966 a
368 912 481 966 domino
494 919 523 965 et
535 912 598 967 Deo
612 919 641 966 et
654 913 800 968 Salvatore
817 865 996 969 nostroiesu
1009 915 1138 982 Christe,
1158 918 1206 988 qui
1224 917 1311 972 horni-

134 1000 202 1036 nem
216 982 303 1035 docet
315 980 474 1044 scientiam,
487 980 523 1034 ab
537 997 570 1036 eo
584 981 643 1034 solo
657 982 766 1034 discere
779 988 870 1052 potes,
889 983 955 1052 quia
968 986 1044 1037 solus
1054 985 1134 1038 novit
1146 985 1311 1052 veritatem3

134 1051 261 1104 aliorum
277 1048 353 1102 enim
370 1048 394 1100 si
407 1047 470 1118 quis
483 1048 592 1117 aliquid
606 1049 770 1120 cognoscit,
790 1051 825 1104 ab
844 1068 877 1106 eo
895 1057 944 1105 aut
962 1053 998 1108 ab
1012 1053 1073 1106 eius
1086 1053 1237 1124 discipulis
1254 1061 1310 1109 trs·

135 1119 232 1170 ditum
245 1116 367 1186 accepit.

206 1183 320 1238 XXIII.
355 1183 393 1235 Et
406 1183 549 1236 sententia
562 1183 623 1236 eius
641 1190 699 1250 est,
717 1183 810 1238 Deum
828 1203 913 1238 unum
931 1202 993 1240 esse
1013 1186 1044 1240 in
1062 1187 1153 1241 tribus
1171 1188 1309 1258 personis,

135 1254 220 1309 cuius
234 1251 356 1304 mundus
369 1268 439 1372 opus
452 1257 497 1304 est
523 1251 627 1320 quique
640 1251 732 1304 iustus
746 1269 809 1305 cum
823 1253 869 1319 sit,
882 1253 1035 1323 unicuique
1048 1255 1161 1308 omnino
1174 1273 1224 1324 pro
1237 1257 1310 1309 actis

134 1319 295 1390 aliquando
314 1318 382 1372 retri
404 1321 462 1370 net.
527 1334 624 1372 ecesse
645 1319 749 1440 quippe
770 1321 883 1374 omnino
906 1328 964 1388 est,
986 1327 1017 1374 ut
1034 1323 1082 1391 qui
1102 1324 1205 1376 asserit
1218 1323 1310 1376 Deum

135 1396 242 1444 natura
254 1404 318 1441 esse
331 1386 446 1452 iustum,
459 1385 545 1439 etiam
558 1385 687 1440 immorta
701 1405 724 1439 rs
738 1405 800 1442 esse
813 1387 957 1442 bominum
969 1389 1078 1443 animas
1096 1389 1201 1443 credat.
1237 1391 1310 1454 Quo-

135 1458 215 1512 niam
227 1455 278 1508 ubi
297 1455 351 1508 erit
367 1452 479 1507 iustitia
497 1453 558 1508 eius
571 1455 683 1522 quando
696 1455 798 1525 aliqui,
817 1474 880 1509 cum
892 1456 939 1525 pie
951 1456 1105 1522 vixissent,
1123 1463 1219 1510 tamen
1235 1459 1308 1512 male

133 1524 234 1580 habiti
245 1539 296 1593 per
307 1521 364 1574 vim
377 1538 392 1576 e
405 1521 498 1574 medio
515 1521 621 1575 sublati
634 1528 712 1588 sunt,
730 1523 845 1644 quidam
862 1539 927 1576 vero
944 1541 1006 1577 cum
1023 1525 1107 1577 valde
1126 1525 1163 1576 im
1186 1525 1206 1576 ii
1224 1526 1309 1578 exsti-

134 1594 246 1646 tissent
258 1597 344 1660 atque
356 1589 434 1642 vitae
447 1589 524 1642 luxui
534 1607 567 1642 ac
578 1589 690 1644 deliciis
703 1591 731 1643 in
754 1591 898 1659 ulsissent,
911 1591 1051 1644 communi
1061 1597 1157 1645 tamen
1165 1543 1309 1646 bominum

134 1667 229 1714 morte
243 1655 395 1712 obierunt?
417 1657 651 1726 Quandoquidem
669 1658 758 1729 igitur
774 1658 882 1728 absque
898 1659 959 1712 ulla
975 1659 1201 1714 contradictione
1218 1660 1309 1726 Deus,

134 1731 232 1783 bonus
245 1744 309 1782 cum
322 1725 380 1792 sit,
392 1725 483 1778 iustus
496 1725 582 1778 etiam
595 1735 653 1793 est,
667 1744 720 1780 nec
733 1726 848 1780 aliunde
862 1726 953 1780 iustus
966 1743 1029 1780 esse
1042 1733 1240 1798 cognoscetur,
1252 1727 1309 1781 nisi

134 1797 235 1852 arrima
250 1799 316 1866 post
329 1792 537 1862 separationem
554 1811 697 1864 acorpore
712 1795 750 1848 sit
762 1795 943 1861 immortalis,
961 1800 993 1848 ut
1011 1797 1123 1865 quando
1141 1797 1171 1848 in
1187 1811 1308 1849 resurre-

135 1867 236 1919 ctione
249 1879 329 1916 sunm
343 1878 443 1930 corpus
454 1861 637 1930 recuperarit,
650 1863 741 1915 malus
754 1862 868 1933 quidem
880 1869 1014 1932 tanquam
1028 1864 1073 1933 qui
1088 1863 1134 1917 hic
1145 1863 1220 1918 bona
1232 1879 1308 1917 rece·

134 1934 228 2004 perit,
246 1930 288 1984 ibi
300 1946 350 1998 pro
367 1928 416 1994 iis,
434 1945 506 1998 quae
525 1929 658 2010 deliquit,
677 1929 822 2000 puniatur,
838 1929 930 1983 bonus
947 1937 1055 1997 autem,
1069 1931 1115 1985 hic
1130 1949 1180 2001 pro
1194 1931 1308 1985 delictis

135 2000 316 2070 castigatus,
340 1995 402 2049 illic
427 1995 508 2065 quasi
534 1997 563 2050 in
584 2015 648 2050 sinu
669 1997 805 2051 iustorum
825 1997 926 2051 haeres
948 1999 1084 2052 bonorum
1109 1999 1306 2053 constituatur.

135 2064 375 2135 Quandoquidem
388 2063 477 2134 igitur
488 2062 568 2117 Deus
580 2065 672 2118 iustus
686 2071 739 2132 est,
753 2071 866 2119 constat
878 2065 953 2119 inter
965 2083 1031 2132 nos,
1048 2066 1184 2120 iudicium
1216 2083 1308 2136 uoque

135 2137 213 2202 fore,
236 2139 265 2188 et
286 2131 394 2186 animas
413 2149 476 2184 esse
493 2132 674 2186 immortales.
710 2132 741 2187 si
761 2133 825 2203 quis
841 2150 921 2200 vero,
945 2135 1179 2204 quemadmodum
1196 2083 1308 2188 (11111661

135 2202 317 2260 Samaritano
334 2199 444 2269 placet,
462 2199 526 2254 Deo
544 2199 648 2268 iustum
662 2219 724 2255 esse
741 2202 815 2254 nolit
827 2201 997 2268 concedere,
1015 2203 1060 2256 cui
1073 2203 1127 2256 iam
1141 2202 1246 2272 aliquis
1258 2202 1307 2255 tri—

133 2275 224 2326 buere
256 2273 347 2334 otest,
366 2272 398 2320 ut
416 2267 508 2320 iustus
522 2268 572 2334 sit,
594 2269 640 2322 vel
659 2285 721 2322 esse
738 2267 850 2338 possit?
877 2267 950 2324 Nam
967 2270 991 2322 si
1009 2270 1039 2321 id
1052 2275 1216 2323 cunctorum
1227 2269 1307 2323 radix

136 2359 193 2394 non
205 2339 244 2392 ha
266 2343 309 2402 et,
322 2352 435 2405 prorsus
447 2352 564 2390 necesse
578 2343 622 2389 est
635 2338 776 2407 cogitare,
790 2336 862 2389 illud
875 2354 985 2405 quoque
999 2337 1028 2390 in
1040 2337 1183 2390 hominum
1196 2344 1307 2400 natura,

135 2417 274 2477 tanquam
286 2406 317 2457 in
329 2403 469 2456 fructibus
482 2421 537 2456 non
546 2421 630 2474 posse
638 2404 762 2474 reperiri.
781 2403 811 2457 Si
821 2409 916 2456 autem
926 2404 1086 2458 inveniatur
1097 2405 1127 2456 in
1135 2404 1307 2468 hominibus,

135 2481 243 2546 quanto
256 2473 349 2542 magis
362 2470 391 2524 in
403 2469 488 2524 Deo?
507 2471 589 2535 Quod
603 2473 627 2524 si
636 2471 747 2524 iustitia
756 2488 903 2540 nusquam,
913 2488 1004 2550 neque
1015 2471 1090 2540 apud
1100 2471 1202 2536 Deum,
1216 2487 1307 2540 neque

135 2543 213 2614 apud
233 2541 363 2594 homines
383 2539 536 2608 reperitur,
557 2540 643 2609 plane
665 2555 757 2608 neque
779 2537 935 2607 reperietur
955 2538 1104 2592 iniustItia.
1138 2537 1179 2590 At
1196 2538 1308 2591 iustitias

136 2611 245 2666 existit.
281 2608 355 2662 Nam
369 2613 498 2661 exstante
512 2607 624 2660 iustitia
636 2605 779 2660 iniustitia
792 2622 903 2686 quoque
917 2605 1030 2671 dicitur,
1043 2623 1115 2675 quae
1129 2605 1170 2660 ita
1182 2612 1307 2670 vocatur,

136 2678 218 2748 quasi
232 2693 296 2731 cum
311 2693 344 2728 ea
357 2674 469 2728 iustitia
482 2679 668 2744 comparetur,
682 2674 764 2743 eique
778 2673 939 2726 inventatur
951 2674 1100 2728 contraria.

206 2743 316 2798 XXIV.
351 2743 406 2796 His
419 2743 525 2796 auditis
539 2759 593 2813 ego
606 2741 738 2796 Clemens
751 2741 823 2794 dixi:
844 2739 927 2795 Scire
934 2742 1046 2808 vellem,
1061 2741 1189 2812 quisnam
1200 2740 1238 2793 sit
1248 2741 1306 2808 illc,

136 2831 221 2884 quem
234 2812 377 2866 Simonem
391 2809 596 2864 Samaritanum
610 2811 746 2889 appellas.
769 2809 808 2863 Et
819 2809 921 2863 Petrus
933 2809 1095 2880 respondit:
1115 2808 1144 2863 si
1158 2807 1238 2878 cupis
1252 2809 1307 2861 dis-

137 2899 216 2946 cere,
234 2881 305 2933 licet
317 2877 372 2931 tibi
391 2894 563 2949 cognoscere
576 2877 612 2931 ab
625 2879 676 2944 ris,
694 2896 711 2931 a
728 2877 831 2947 quibus
850 2883 879 2932 et
897 2893 952 2950 ego
965 2883 1068 2932 cuncta
1084 2877 1162 2930 illius
1175 2881 1307 2930 accurate

134 2949 249 3004 rescivi.
284 2945 460 3014 Vocatisque
478 2944 586 3014 Aquila
606 2951 636 2998 et
651 2945 770 3012 Niceta‚
790 2949 937 3016 praecepit
954 2945 1010 3012 eis,
1031 2951 1063 2999 ut
1080 2946 1175 3000 omnia
1190 2943 1258 2998 mihi
1273 2945 1307 2998 de

137 3016 254 3070 Simone
268 3014 424 3084 diligenter
436 3018 606 3067 enarrarent.
629 3011 669 3066 At
681 3013 734 3080 illi,
748 3014 839 3068 Deum
851 3014 998 3081 attestati,
1013 3031 1042 3068 66
1056 3014 1220 3068 nullatenus
1232 3030 1307 3066 men-

135 3086 250 3149 tituros,
263 3087 460 3152 exposuerunt.
496 3081 618 3144 Quorum
630 3081 706 3150 prior
717 3082 824 3151 Aquila
833 3083 928 3152 coepit
941 3083 982 3136 ita
995 3083 1103 3136 dicere:
1123 3081 1209 3149 Audi,
1222 3081 1308 3135 caris-

137 3153 208 3206 sime
220 3151 305 3205 nobis
317 3149 413 3216 frater,
425 3154 458 3201 ut
471 3155 602 3202 accurate
616 3165 773 3218 cognoscas
786 3150 879 3204 omnia
892 3151 943 3203 viri
957 3150 1045 3216 illius,
1059 3151 1205 3204 cuiusnam
1218 3149 1265 3216 sit,
1279 3158 1307 3202 et

137 3221 201 3290 quis
215 3225 246 3272 et
258 3217 343 3280 unde,
357 3223 385 3270 et
395 3233 535 3286 quaenam
546 3217 613 3282 sint,
626 3233 697 3285 quae
707 3217 778 3270 facit
788 3224 817 3276 et
829 3219 977 3285 quomodo,
991 3235 1129 3335 (quamque
1139 3217 1175 3270 ob
1186 3234 1306 3269 causam.

205 3286 300 3340 XXV.
335 3285 392 3338 Hie
414 3283 511 3338 Simon
529 3301 563 3337 ex
583 3282 709 3338 Antonio
749 3290 809 3337 atre
832 3290 861 3336 et
886 3289 974 3336 matre
1024 3283 1123 3336 achela
1148 3283 1307 3347 descendit,

135 3356 253 3409 natione
275 3353 483 3417 Samaritanus,
505 3350 616 3420 Gitthis
635 3352 715 3405 oriun
737 3369 769 3403 us
785 3351 862 3417 vicu,
884 3351 933 3418 qui
952 3367 1001 3402 sex
1024 3349 1161 3402 schoenos
1183 3349 1219 3401 ab
1238 3349 1306 3402 urbe

137 3424 236 3477 distat.
273 3423 302 3474 Is
315 3419 507 3474 Alexandriae
519 3419 557 3473 ad
568 3419 666 3474 Nilum
678 3424 806 3473 versatus
824 3435 927 3488 graeca
945 3415 1099 3487 disciplina
1111 3433 1175 3469 cum
1186 3415 1306 3468 multum

133 3610 192 3680 βιὸν
216 3613 316 3662 ordinat
340 3614 368 3662 Ο.
392 3637 427 3646 -
449 3606 475 3670 4)
501 3605 602 3679 1111111116
621 3612 649 3659 0.
667 3637 701 3645 -—
745 3603 941 3672 0rg.67,6.12.
957 3595 1305 3674 Soh'wegler.-10)‹lt·

133 3680 162 3749 b)
179 3679 324 3749 1111119110.
344 3709 377 3716 -
393 3676 419 3742 6)
439 3677 496 3728 ἐστι
516 3681 544 3727 0.
562 3704 597 3712 -
613 3674 639 3724 71
657 3673 698 3728 ὅ11
745 3694 822 3728 ’sturm
837 3676 935 3728 1111111111
950 3675 1094 3726 1111611110.
1107 3703 1141 3710 -
1154 3671 1196 3742 11)
1211 3677 1263 3726 Ser.
1277 3675 1306 3726 ἐν

133 3753 179 3801 xiil
193 3742 556 3814 transponitV.—8)iirtai
568 3761 615 3794 om.
629 3745 654 3794 V.
668 3773 700 3780 —
745 3739 1087 3815 1111161661Η6111.ΙΙ,14.
1108 3771 1141 3778 -
1162 3742 1206 3811 12)
1223 3743 1306 3796 ivea-

132 3814 161 3883 9)
180 3820 276 3866 Notum
297 3821 336 3866 est
352 3814 416 3865 illud
431 3813 550 3878 loquendi
571 3828 649 3874 genus
671 3830 700 3862 ex
744 3813 818 3862 cessit
830 3829 860 3861 ex
872 3815 947 3862 Hom.
959 3812 1020 3862 ibid.
1034 3841 1066 3848 -
1081 3807 1123 3878 13)
1136 3810 1195 3862 ἐστι
1209 3814 1237 3860 0.

134 3902 183 3935 usu
203 3883 440 3950 Peripateticorum,
462 3881 492 3930 de
515 3897 564 3945 quo
580 3897 699 3946 6111166116-
794 3881 854 3946 Cap.
867 3881 963 3931 XXIV.
995 3876 1021 3948 1)
1035 3865 1117 3937 οὗτος
1129 3876 1200 3948 ἔφην
1211 3879 1261 3928 inv.
1276 3881 1305 3927 Ο.

133 3958 195 4002 runt
212 3949 459 4012 Trendclenburgius
480 3949 506 3997 in
524 3950 611 3998 Museo
632 3949 698 3998 Rhe·
743 3975 776 3984 ——
788 3943 816 4013 2)
829 3953 934 4014 μαθεῖν
954 3944 1054 4012 ἤθελον
1070 3962 1117 3996 om.
1137 3947 1163 3996 0.
1184 3972 1213 3981 -
1231 3942 1259 4010 3)
1273 3941 1305 3994 rb

133 4016 290 4080 nan018‘28,
308 4008 333 4080 4,
350 4015 400 4068 457
413 4033 468 4082 sqq.
485 4020 559 4080 (quae
576 4031 699 4066 commen·
742 4031 789 4064 om.
805 4017 833 4065 Ο.
851 4042 884 4050 -
903 4013 930 4080 4)
949 4011 1038 4066 πάντα
1051 4011 1188 4080 ἠκρίβωσα
1203 4008 1235 4089 rit
1247 4007 1303 4062 κατ’

134 4089 199 4138 tatio
217 4086 341 4152 inscripta
356 4091 405 4135 est:
431 4084 493 4146 „dm
512 4079 543 4134 τὸ
561 4082 603 4134 ἑνὶ
622 4081 700 4144 stra,
742 4078 829 4134 αὐτὸν
841 4083 894 4133 ord.
908 4085 936 4132 0.
947 4078 1016 4148 -5)
1030 4083 1071 4130 Or.
1084 4095 1304 4148 μαρτυραμενοι.

136 4151 167 4206 τὸ
191 4151 292 4222 ἀγαθῷ
315 4153 385 4206 εἶναι
408 4151 449 4202 bei
472 4152 635 4212 Aristotelem
660 4151 701 4200 ein
743 4145 1304 4216 -6)16611611166161111111611111

134 4224 237 4286 Beitrag
262 4238 307 4271 aur
332 4221 401 4270 arist.
425 4219 701 4282 Begriffsbcstimmnng
741 4217 817 4268 Horu.
831 4217 865 4278 ΙΙ,
877 4213 911 4265 22
922 4231 968 4281 pro
978 4210 1022 4272 ὡς.
1035 4215 1169 4265 Confirmat
1180 4211 1304 4267 (1161111111

134 4291 185 4340 und
198 4307 243 4339 zur
255 4289 348 4352 griech.
363 4282 487 4355 Syntax“)
500 4293 525 4336 et
536 4287 567 4336 ad
579 4287 655 4336 Arist.
671 4289 700 4334 de
743 4287 786 4336 Or.
798 4311 832 4320 -
845 4282 871 4342 7)
884 4280 962 4346 ἡμῶν
975 4283 1003 4332 Ο.

133 4353 699 4424 anim.p.471sqq.,deindeWsitaadArist.
794 4353 856 4420 Cap.
877 4351 961 4402 XXV.
1008 4345 1036 4416 1)
1068 4349 1184 4400 naam
1212 4351 1242 4400 V.
1271 4378 1305 4386 -
