3126 4894
582 315 738 366 armona
755 315 898 366 manns.
1264 301 1325 366 169
1398 267 1406 280 ’

151 462 230 516 saris.
249 461 326 516 Nam
337 460 413 532 patri
429 477 505 540 meon,
524 466 627 540 utpote
641 479 697 516 una
713 462 848 529 educato,
861 465 1017 534 'cognatam
1035 459 1140 517 Caesar
1156 462 1218 533 ipse
1234 463 1326 518 iunxit

149 547 275 596 uxorem,
290 530 325 583 de
339 546 394 598 qua
406 534 464 582 tres
478 528 562 582 lrberr
575 535 628 582 ort1
642 547 747 596 sumus,
762 530 816 584 duo
827 529 940 600 quidem
952 534 1019 583 ante
1029 545 1084 596 me,
1097 529 1145 600 qui
1155 547 1219 584 oum
1229 539 1326 584 essent

149 597 273 716 gemini²
291 595 442 650 admodum
459 595 514 650 sibi
531 595 655 650 invicem
673 597 781 652 similes
798 603 890 664 erant,
910 602 942 650 ut
960 596 1021 667 ipse
1037 602 1120 677 pater
1135 597 1232 652 aiebat
1248 597 1325 650 mihi.

175 683 212 736 go
225 681 303 718 ennn
315 681 408 733 neque
421 664 487 717 illos
499 680 592 733 neque
606 663 775 735 genitricem
784 665 868 719 valde
878 664 954 732 novi,
967 664 1018 718 sed
1030 681 1111 733 quas1
1124 681 1174 734 per
1186 665 1324 718 somnium

150 733 300 786 obscuram
323 748 419 786 eorum
439 730 558 785 formam
577 731 680 786 recolo.
716 732 810 786 Mater
834 748 902 804 ergo
923 749 986 786 mea
1007 730 1143 786 Mattidia
1167 731 1325 798 dicebatur,

169 805 232 854 ater
243 804 340 852 autem
352 799 494 866 Faustus,
512 797 631 852 fratrum
642 815 710 854 vero
722 800 795 854 alter
806 799 962 853 Faustinus
974 799 1143 866 vocabatur,
1162 800 1235 854 alter
1248 799 1325 853 dice·

150 818 235 921 iarn
246 866 461 920 Faustinianus.
497 863 568 918 Cum
586 866 675 937 igitur
690 867 793 921 tertius
811 883 866 937 ego
882 871 948 936 post
961 883 1010 920 cos
1022 873 1106 921 natus
1119 884 1220 934 essem,
1234 871 1326 921 mater

150 933 399 1054 &quemadmodum
410 940 492 1003 pater
504 949 584 986 meus
595 933 749 999 referebat)
764 933 901 988 somnium
913 933 1001 1000 vidit,
1014 934 1159 1004 quodnisi
1171 934 1324 990 confestim

169 1001 261 1056 uobus
272 999 341 1053 filiis
352 1000 411 1053 suis
421 999 543 1072 geminis
553 1001 707 1070 assumptis
717 1001 786 1054 urbe
796 1001 886 1056 Roma
895 1001 998 1055 fuisset
1011 1018 1127 1073 egressa
1139 1008 1169 1058 et
1181 1002 1324 1058 abfuisset

152 1087 241 1123 annos
255 1068 365 1132 decem,
378 1068 442 1138 ipsa
455 1084 517 1120 cum
530 1067 566 1120 iis
579 1068 638 1121 leto
651 1069 774 1138 pessimo
787 1075 864 1123 esset
877 1069 1033 1124 interitura.

216 1135 369 1190 LXXVII.
403 1135 490 1188 Pater
510 1133 610 1204 igitur,
630 1135 679 1214 qui
700 1136 851 1190 liberorum
875 1154 972 1191 amans
993 1142 1054 1191 erat
1090 1154 1153 1190 cum
1181 1137 1269 1191 servis
1293 1141 1323 1191 et

152 1203 267 1258 ancillis
280 1221 314 1257 ac
328 1203 394 1265 dato
408 1200 565 1255 sufficienti
577 1203 684 1256 viatrco
697 1203 727 1257 in
742 1221 844 1258 navem
861 1205 1006 1258 coniectos
1019 1175 1149 1258 Atinenas
1163 1204 1250 1258 etiam
1263 1221 1323 1258 eru-

154 1271 272 1325 diendos
290 1269 382 1337 misit3
403 1287 447 1322 me
465 1285 531 1323 vero
553 1270 644 1324 solum
666 1268 757 1324 filium
777 1271 815 1326 ad
836 1272 1059 1326 consolationem
1081 1289 1177 1325 secum
1196 1272 1324 1325 retinuit.

152 1337 246 1408 Atque
260 1355 324 1392 eam
341 1337 451 1392 obrem
469 1337 602 1408 ingentes
654 1338 728 1392 atias
747 1355 816 1410 ago,
830 1339 906 1408 quod
923 1357 967 1393 me
984 1355 1095 1418 quoquc
1112 1338 1250 1392 somnium
1266 1356 1323 1392 non

153 1405 267 1460 iusserit
279 1422 337 1458 una
349 1422 413 1459 cum
424 1410 514 1458 matre
527 1404 595 1458 urbe
634 1406 855 1460 omaexcedere.
889 1404 973 1460 Anno
986 1405 1229 1524 rgiturcompleto
1241 1411 1324 1476 pater

152 1474 187 1528 ad
199 1491 267 1526 suos
278 1471 409 1526 Athenas
418 1471 497 1525 misit
505 1472 664 1542 pecuniam,
678 1473 762 1527 simul
782 1491 817 1527 ue
831 1473 1018 1539 sciscitatum,
1032 1490 1144 1542 quomo
1166 1490 1182 1526 ο
1195 1479 1322 1544 agerent.

152 1541 204 1606 Qui
220 1557 289 1594 vero
308 1539 452 1606 abierunt,
469 1556 526 1593 non
541 1541 647 1594 reversi
670 1546 742 1594 sunt.
807 1541 879 1595 ertio
896 1547 991 1596 autem
1007 1557 1080 1594 anno
1097 1545 1223 1593 maestus
1241 1547 1324 1610 pater

151 1609 221 1664 alios
234 1607 384 1678 ablegavit
396 1606 528 1660 similiter
540 1625 603 1662 cum
614 1608 699 1663 rebus
712 1609 747 1662 ad
760 1609 867 1663 victum
880 1607 1059 1674 necessariis,
1091 1607 1121 1660 ui
1134 1613 1234 1678 quarto
1246 1625 1321 1662 anno

149 1674 274 1748 regressi
286 1675 433 1740 nunciant,
443 1691 536 1754 neque
544 1692 636 1729 meam
645 1682 762 1730 matrem
772 1693 811 1743 se,
824 1693 915 1746 neque
926 1675 1026 1730 fratres
1038 1623 1156 1742 vidisse,
1170 1675 1222 1728 sed
1230 1691 1322 1744 neque

149 1745 226 1814 ipsos
238 1742 370 1796 Athenas
382 1759 546 1811 pervenrsse
554 1781 561 1809 ,
578 1760 670 1812 neque
688 1760 807 1814 usquam
819 1743 955 1811 alicuius,
974 1743 1022 1812 qui
1040 1761 1104 1798 curn
1116 1742 1187 1814 ipsis
1200 1741 1321 1810 fuerant,

150 1813 196 1866 vel
208 1811 285 1865 vesti
309 1810 367 1862 ium
379 1827 396 1864 a
410 1826 439 1863 se
451 1815 601 1880 repertum.

215 1877 272 1930 LX
304 1877 385 1932 VIII.
419 1877 505 1930 Pater
521 1893 589 1948 ergo
600 1878 672 1932 baec
685 1877 805 1932 audiens
819 1883 848 1932 et
860 1879 949 1932 multa
960 1877 1080 1932 tristitia
1094 1877 1322 1948 obstupefactus,

149 1946 339 2014 nesciensque
356 1961 409 2013 quo
426 1944 558 1998 tenderet
576 1962 610 1999 ac
627 1945 693 2000 illos
711 1951 873 2014 quaereret,
890 1951 1035 2016 assumpto
1052 1963 1097 2000 me
1114 1963 1148 2000 ac
1166 1948 1195 1999 in
1207 1945 1323 1999 Portum

149 2013 330 2068 descendens
342 2011 446 2065 multos
457 2011 634 2081 frequentius
646 2013 881 2083 percontabatur,
899 2013 949 2068 ubi
961 2013 1080 2084 quisque
1093 2031 1190 2068 eorum
1202 2013 1324 2066 vidisset

148 2083 193 2136 vel
206 2081 349 2136 audiisset
368 2095 385 2132 a
402 2084 534 2148 quattuor
550 2081 632 2134 annis
648 2079 827 2152 naufragium
844 2079 1009 2152 contigisse.
1044 2079 1139 2152 Atque
1157 2080 1228 2134 varii
1245 2079 1323 2135 vario

149 2150 178 2203 in
190 2149 256 2203 loco
270 2145 412 2201 accidisse
425 2145 594 2200 referebant.
630 2147 683 2202 Ille
697 2165 764 2203 vero
777 2149 878 2202 iterum
889 2148 1020 2230 rogabat,
1032 2167 1099 2202 num
1111 2148 1252 2202 vidissent
1264 2165 1324 2202 cor·

148 2235 200 2286 pus
212 2215 344 2269 mulieris
357 2231 420 2267 cum
452 2215 526 2268 ueris
539 2231 556 2268 a
567 2215 637 2268 mari
650 2216 757 2270 eiectis.
794 2215 920 2286 Cumque
933 2217 975 2270 rlli
994 2217 1085 2271 multa
1098 2234 1127 2271 se
1140 2217 1238 2270 multis
1250 2215 1323 2270 locis

148 2285 291 2338 cadavera
306 2281 415 2335 vidisse
431 2231 574 2349 dicerent,
591 2289 673 2352 pater
690 2283 808 2338 audiens
827 2284 1043 2355 ingemiscebat.
1079 2284 1183 2338 Verum
1200 2281 1324 2336 naturali

148 2351 257 2406 affectu
268 2349 452 2420 perturbatus
464 2355 576 2418 praeter
583 2349 723 2404 rationem
732 2351 883 2405 videbatur
895 2351 1045 2418 sciscitari,
1059 2351 1107 2420 qui
1116 2355 1227 2404 tantam
1237 2349 1323 2403 maris

148 2419 317 2473 vastitatem
335 2415 455 2470 scrutari
473 2421 628 2471 conaretur.
663 2416 801 2472 Attamen
813 2419 897 2472 venia
910 2419 1013 2489 dignus
1026 2425 1100 2484 erat,
1113 2417 1189 2487 quod
1202 2417 1322 2470 caritate
1334 2469 1337 2476 ,

148 2503 215 2558 ergo
230 2502 290 2551 eos,
304 2501 374 2554 quos
387 2483 550 2553 quaerebat,
566 2502 615 2555 spe
628 2485 783 2538 laetaretur
794 2485 880 2538 inani.
910 2485 1042 2554 Denique
1055 2501 1099 2537 me
1113 2483 1323 2554 submagistris

148 2555 288 2624 positum,
307 2569 396 2606 annos
413 2557 511 2604 natum
531 2552 693 2617 duodecim,
713 2552 820 2606 Rornae
837 2552 953 2622 reliquit
970 2557 999 2605 et
1015 2551 1076 2621 ipse
1089 2551 1160 2606 flens
1174 2551 1324 2605 descendit

149 2621 185 2675 ad
196 2622 330 2686 Portum,
347 2619 468 2688 navique
487 2636 644 2674 conscensa
662 2620 815 2674 subvectus
832 2620 869 2673 ad
886 2619 1100 2689 inquisitionem
1111 2619 1257 2690 profectus
1270 2624 1323 2673 est.

148 2687 244 2758 Atque
260 2704 295 2741 cx
308 2703 341 2741 cc
353 2692 479 2756 tempore
497 2704 587 2756 usque
601 2687 630 2740 in
646 2687 811 2741 hodiernum
825 2687 899 2741 diem
911 2703 1002 2756 neque
1015 2686 1126 2741 litteras
1140 2687 1200 2740 eius
1213 2685 1323 2756 accepi,

149 2773 242 2826 neque
261 2755 286 2808 si
307 2754 386 2808 vivat
404 2759 453 2807 aut
471 2754 622 2808 defunctus
642 2755 680 2808 sit
699 2762 776 2809 certo
792 2755 866 2809 novi.
902 2754 959 2809 Sed
978 2754 1070 2826 magis
1095 2754 1223 2825 suspicor
1242 2754 1323 2806 illum

150 2839 262 2893 quoque
280 2821 402 2886 obiisse,
419 2827 469 2875 aut
485 2821 606 2876 tristitia
627 2823 748 2890 victum,
770 2828 820 2876 aut
840 2823 989 2894 naufragio
1011 2821 1176 2876 involutum.
1213 2820 1266 2876 Cui
1281 2821 1323 2876 rei

149 2888 454 3008 argumentqcstiam
467 2889 503 2943 ab
517 2907 550 2944 eo
563 2895 689 2960 tempore
702 2891 871 2962 vigesimum
885 2909 989 2946 anuum
1001 2907 1074 2958 esse,
1088 2908 1123 2946 cx
1136 2907 1190 2961 quo
1202 2889 1275 2944 nihil
1288 2889 1324 2944 de

150 2975 183 3012 co
195 2975 257 3012 verr
269 2975 305 3010 au
327 2973 434 3010 rvenm.

216 3023 355 3078 LXXIX.
390 3023 493 3077 Petrus
505 3041 571 3078 vero
590 3024 661 3078 haec
674 3025 793 3079 audiens
807 3026 1059 3081 commiserationis
1072 3025 1179 3081 affectu
1191 3025 1324 3080 lacrimas

150 3093 225 3146 fudit
242 3092 340 3146 statim
361 3108 396 3145 ue
414 3091 451 3145 ad
468 3091 621 3146 tamillares
640 3092 688 3162 qui
706 3093 825 3147 aderant
841 3095 893 3148 ait:
913 3093 993 3148 Haec
1012 3095 1036 3146 si
1054 3095 1117 3164 quis
1134 3094 1164 3148 in
1175 3093 1232 3148 Dei
1244 3093 1324 3148 cultu

151 3161 261 3230 positus
274 3165 357 3230 pertu
370 3159 455 3224 isset,
474 3176 545 3228 quae
558 3159 641 3212 huius
674 3165 744 3225 ater,
758 3161 908 3214 confestim
920 3162 1052 3232 religioni
1066 3161 1246 3216 attribuisset
1259 3178 1323 3214 cau·

153 3247 210 3282 sam
223 3227 270 3281 vel
284 3227 398 3280 diabolo
411 3226 623 3296 adscripsisset.
653 3178 699 3280 ita
711 3226 798 3280 etiarn
811 3229 921 3280 miseris
935 3228 1093 3298 gentilibus
1107 3229 1251 3299 contingit
1262 3227 1323 3296 pati

152 3301 180 3349 et
192 3296 371 3367 ignoramus,
391 3293 439 3362 qui
450 3294 492 3362 pii
504 3310 572 3364 erga
584 3295 677 3348 Deum
696 3311 798 3346 sumus.
834 3293 954 3347 Miseros
972 3300 1067 3347 autem
1080 3311 1128 3348 eos
1142 3295 1200 3346 dixi
1212 3294 1323 3358 merito,

117 3371 119 3376 “
152 3365 218 3432 quia
235 3367 265 3416 et
282 3361 329 3415 hic
341 3367 482 3432 vagantur
498 3360 527 3414 in
540 3361 679 3415 erroribus
693 3366 722 3414 et
740 3361 776 3414 ab
790 3378 839 3431 spe
857 3360 952 3414 sutura
969 3359 1142 3414 fraudantur.
1177 3359 1234 3412 Dei
1247 3359 1322 3411 enim

152 3431 275 3484 cultores
289 3446 352 3482 cum
365 3428 543 3482 incommoda
554 3429 711 3498 patiuntur,
729 3428 766 3482 ad
778 3427 968 3498 expiationem
983 3426 1152 3481 delictorum
1169 3424 1322 3496 perferunt.

216 3495 339 3549 LXXX.
375 3495 437 3550 Ista
460 3501 611 3566 postquam
635 3495 756 3550 dixisset
779 3496 894 3561 Petrus,
918 3511 991 3548 unus
1013 3511 1046 3548 ex
1070 3492 1176 3548 nostris
1201 3491 1322 3546 audacia

152 3571 264 3636 sumpta
284 3581 334 3634 pro
352 3563 482 3618 omnibus
498 3564 611 3635 rogavit
631 3582 710 3631 eum,
726 3571 758 3617 ut
776 3563 822 3616 die
840 3563 965 3618 crastina
982 3561 1118 3616 maturius
1136 3561 1167 3615 in
1188 3559 1322 3626 Aradum,

200 3817 393 3888 CapLXXVI.
430 3818 456 3887 1)
471 3823 613 3874 sloIO.-—
627 3819 654 3890 2)
685 3825 712 3874 έ-
756 3820 783 3886 2)
797 3821 1018 3895 ἐκβεβρασμένον
1029 3824 1105 3873 Hom.
1119 3823 1202 3888 Epit,
1216 3821 1322 3871 alterum

151 3908 196 3949 νος
209 3891 239 3940 0.
260 3916 293 3924 -
316 3883 343 3955 3)
358 3885 397 3938 ἕλε
418 3890 434 3938 έ
441 3907 496 3970 μοι
515 3891 544 3939 0.
564 3917 598 3924 -
618 3885 645 3956 4)
672 3891 713 3942 λέ·
757 3891 806 3941 fuit
817 3891 972 3941 innostroE
991 3891 1079 3941 itomes
1090 3890 1149 3940 Cod.
1159 3893 1188 3950 B,
1199 3893 1285 3966 estque
1295 3888 1321 3936 in

149 3975 213 4025 γετο
226 3961 280 4006 om.'
289 3957 318 4005 0.
337 3983 371 3990 —
387 3907 466 4022 531⁰?
479 3958 508 4005 Ο.
525 3985 559 3992 -
576 3951 603 4024 ὅ)
617 3955 713 4028 ἐξέλθῃ
758 3958 785 4008 θ.
798 3985 832 3993 -
848 3953 876 4025 3)
891 3957 946 4010 τῶν
960 3909 990 4008 dli
1003 3960 1032 4006 0.
1047 3985 1080 3993 —
1102 3952 1130 4022 4)
1148 3955 1323 4006 ἔπυνθανετο

150 4031 233 4076 noster
254 4025 330 4074 Hom.
353 4023 426 4086 dod,
450 4023 517 4073 idem
538 4022 584 4090 ἔτη
607 4020 714 4076 daleam
757 4041 781 4090 p.
802 4019 892 4076 ἐδόκει
912 4019 1110 4076 πυνθάνεσθαι
1126 4023 1157 4074 V.
1173 4049 1207 4056 -
1223 4019 1249 4084 5)
1267 4024 1321 4070 du-

150 4097 237 4142 contra
257 4092 324 4152 Cot,
347 4091 421 4154 Rea,
445 4094 469 4142 E
488 4091 515 4141 it.
545 4098 569 4142 et
597 4093 657 4142 OV.
680 4119 714 4126 —
757 4086 859 4157 λὰσσης
876 4093 904 4142 0.
923 4119 955 4126 -
976 4086 1003 4156 6)
1021 4091 1062 4152 Ita
1079 4091 1125 4139 OV
1142 4104 1197 4137 cum
1217 4087 1253 4136 ed.
1268 4087 1322 4136 Cot.

150 4157 175 4218 7)
190 4159 364 4226 πανωλέθρῳ
377 4159 406 4207 0.
421 4186 453 4193 —
466 4108 491 4222 θ)
506 4157 562 4224 ἔχει
573 4160 649 4209 Hom.
758 4159 833 4206 Hom.
844 4157 903 4218 XII,
914 4152 982 4217 10,ἀ
1004 4153 1063 4208 ’ὡν
1075 4159 1159 4206 noster
1167 4155 1242 4206 Hom.
1253 4154 1321 4217 (lod,

199 4226 407 4292 Oap.LXXVI1.
442 4221 623 4291 ])κεκελεὺκη
636 4227 668 4277 V.
682 4252 714 4258 -
759 4219 805 4290 ἀφ’
821 4210 856 4274 οὗ
867 4173 1024 4290 Epiaciss.
1165 4287 1177 4299 „

148 4289 175 4361 2)
190 4294 232 4344 Sic
245 4300 270 4344 et
281 4293 359 4358 Epir,
371 4287 441 4360 μήτε
453 4294 545 4342 rectius
557 4295 633 4344 Hom.
809 4291 868 4356 Gap.
882 4291 1004 4343 LXXIX.
1041 4286 1068 4356 1)
1083 4301 1231 4360 προσηπεν
1244 4289 1275 4339 V.
1288 4315 1321 4324 -

200 4362 261 4426 Cap.
274 4360 420 4410 LXXVIII.
450 4355 477 4424 1)
490 4355 623 4429 ἑωράκασι
639 4361 668 4411 0.
681 4388 715 4395 -
757 4357 783 4424 2)
797 4351 870 4423 riom.
882 4360 912 4411 V.
