3126 4894
491 409 494 412 ,
544 346 699 398 serrone
716 348 858 398 sarran.
1228 332 1287 396 157

112 505 140 550 et
158 496 218 550 alia
237 495 314 548 mala
333 511 367 547 ex
385 493 520 548 adulterii
538 499 639 548 natura
657 495 723 548 oriri
741 493 847 548 solent!
874 494 1024 549 Nescimus
1040 501 1136 548 tamen
1153 497 1288 550 maiorum

112 564 237 619 occulta.
256 562 499 626 Quemadmodum
513 562 586 614 enim
599 561 728 616 rabiosus
741 561 829 628 canis,
843 579 913 642 quos
926 562 1030 682 tangit,
1043 561 1181 616 interimit
1196 564 1289 616 occul·

112 632 255 685 tissimam
269 630 379 683 rabiem
393 629 613 694 communicans,
627 629 668 683 ita
681 635 710 682 et
722 629 855 683 adulterii
868 630 975 683 abscon
998 631 1067 683 itum
1080 630 1192 683 malum.
1213 630 1289 683 Illud

112 707 189 753 certe
204 699 312 752 scimus
326 715 437 750 omncs:
455 697 621 766 plerumque
634 715 696 750 eam
709 697 745 750 ob
759 715 873 751 causam
885 697 1013 752 hominos
1023 697 1180 752 effraenato
1194 698 1288 764 irasci,

111 772 265 837 propterea
277 765 356 818 beIIa
374 771 484 830 exorta,
502 764 595 818 factas
613 765 757 818 domorum
773 765 948 830 eversiones,
967 784 999 819 ac
1017 766 1126 819 urbium
1145 783 1289 837 expugna-

112 836 217 899 tiones,
232 833 347 902 aliaque
360 833 513 886 innumera.
537 832 656 902 Propter
668 832 721 886 hoc
735 832 915 902 equidem'ad
927 832 1034 900 Deum,
1048 833 1097 903 qui
1110 835 1185 888 sotus
1196 833 1288 887 bonus

113 910 157 956 est
170 901 300 972 confugi,
314 918 377 954 cum
391 899 476 952 fidem
490 905 568 954 certo
583 900 689 954 iudicio
701 900 878 964 habuissem,
891 901 966 969 quod
979 919 1011 954 ex
1025 901 1081 954 Dei
1095 901 1169 954 iusto
1182 901 1288 955 iudicio

113 977 141 1023 et
155 971 202 1023 Iex
215 968 274 1022 fixa
288 967 325 1020 sit
337 986 371 1021 ac
385 966 504 1021 definita
516 973 545 1021 et
558 969 652 1022 anima
664 967 778 1022 omnino
790 986 840 1038 pro
851 968 993 1039 dignitate
1006 986 1184 1038 eorumquae
1197 969 1289 1040 gessit

113 1037 272 1107 aliqnando
284 1041 434 1105 receptura
448 1035 493 1088 sit.

179 1137 246 1189 LII.
283 1136 363 1190 Haec
387 1154 448 1189 cum
474 1137 624 1202 dixissem,
645 1135 759 1206 Appion
784 1137 905 1190 orationi
927 1137 1064 1191 subiecit:
1092 1137 1168 1201 Quid
1193 1137 1289 1192 enim?

114 1223 206 1259 nonne
225 1211 255 1258 et
275 1203 448 1258 Graecorum
465 1203 545 1274 leges
562 1203 633 1258 haec
649 1204 815 1274 prohibent,
841 1210 869 1257 et
886 1205 1031 1258 adulteros
1055 1204 1195 1274 puniunt?
1224 1206 1287 1278 Ego

115 1273 266 1343 respondi:
286 1272 364 1342 Ergo
378 1271 549 1325 Graecorum
563 1272 613 1338 dii,
627 1273 702 1340 quod
712 1271 853 1326 contraria
862 1273 975 1343 legibus
986 1272 1105 1336 faciunt,
1117 1273 1288 1342 supplicium

114 1347 266 1394 merentur.
303 1339 460 1404 Quomodo
473 1345 568 1393 autem
582 1357 710 1393 coercere
723 1357 767 1393 me
780 1347 892 1409 potero,
907 1340 972 1393 dum
985 1340 1116 1393 existimo
1130 1339 1198 1393 deos
1211 1341 1288 1420 ipsos

115 1409 219 1478 primos
232 1425 290 1462 una
308 1425 370 1460 cum
388 1407 529 1460 adulterio
547 1413 651 1461 cuncta
663 1407 776 1478 flagitia
791 1406 961 1477 perfecisse,
979 1424 1150 1525 necdpoenas
1164 1407 1287 1474 dedisse,

115 1495 183 1545 quas
201 1475 269 1529 ideo
288 1475 381 1545 magis
399 1475 465 1528 dare
485 1475 642 1541 debebant,
661 1477 800 1544 quianon
818 1474 944 1528 serviunt
963 1475 1026 1544 cupi
1049 1473 1134 1528 stati?
1162 1475 1241 1538 Quod
1263 1475 1287 1528 si

116 1543 270 1613 cupiditati
284 1542 399 1596 obnoxii
418 1542 544 1608 fuerunt,
563 1560 617 1611 quo
633 1549 719 1611 pacto
739 1542 780 1594 dii
797 1541 897 1596 erant?
924 1542 962 1594 Et
978 1541 1106 1612 Appion:
1126 1540 1189 1595 Sint
1206 1543 1288 1596 nobis

116 1630 162 1680 pro
176 1628 267 1681 scopo
279 1627 336 1664 non
347 1610 402 1662 iam
413 1610 462 1678 dii,
476 1611 526 1664 sed
540 1611 660 1675 iudices,
674 1611 703 1664 in
716 1627 786 1689 quos
798 1609 977 1689 respiciendo
1009 1627 1108 1663 eccare
1121 1617 1286 1663 metuemus.

116 1681 153 1732 At
166 1697 222 1750 ego
236 1677 352 1747 excepi:
372 1677 436 1731 Non
450 1678 541 1731 simile
555 1685 608 1743 est,
622 1696 638 1732 o
650 1677 773 1748 Appron.
801 1678 855 1741 Qu1
869 1677 944 1730 enim
956 1629 1147 1730 adphominem
1159 1679 1287 1748 respicit,

116 1765 162 1817 spe
176 1746 290 1800 latendi
310 1745 428 1799 audebit
445 1762 578 1816 peccare:
598 1746 646 1815 qui
662 1762 728 1799 vero
741 1745 834 1799 Deum
851 1745 974 1799 omnium
993 1745 1181 1815 inspectorem
1194 1753 1287 1800 metae

116 1815 176 1868 loco
190 1814 305 1868 animae
319 1830 386 1866 suae
399 1831 448 1882 pro
470 1814 555 1880 osuit,
569 1831 674 1885 gnarus
688 1814 839 1883 quodcum
853 1815 941 1867 latere
950 1831 1007 1867 non
1018 1813 1120 1884 possit,
1135 1814 1207 1868 clam
1220 1831 1287 1884 quo-

116 1900 167 1952 que
180 1898 304 1952 peccare
317 1897 432 1950 superse
456 1881 523 1934 ebit.

180 1982 262 2036 LIII.
299 1981 377 2046 Quae
391 1999 453 2035 eum
466 1981 595 2036 audisset
608 1981 731 2051 Appion,
746 1982 832 2035 dixit:
852 1981 1062 2048 Intellexcram,
1076 1999 1110 2036 ex
1121 1999 1175 2052 quo
1189 1981 1288 2052 accepi

115 2052 167 2106 tibi
181 2068 247 2105 cum
262 2048 433 2102 Christianis
447 2066 510 2102 esse
525 2050 770 2117 consuetudinem,
782 2055 811 2103 te
824 2050 980 2104 mutavisse
994 2051 1173 2105 sententiam.
1203 2051 1287 2104 Prae·

116 2121 190 2173 clare
204 2118 282 2171 enim
295 2135 312 2170 a
325 2117 446 2186 quodam
460 2117 567 2171 dictum
581 2123 640 2171 est:
662 2120 757 2170 Mores
770 2120 853 2170 honos
865 2120 1001 2186 colloquio
1014 2127 1191 2188 corrumpunt
1203 2121 1287 2172 malo.

115 2186 223 2256 Excepi
247 2202 315 2256 ego:
344 2185 438 2256 Igitur
459 2201 551 2239 mores
575 2186 664 2238 malos
688 2185 832 2254 colloquia
853 2185 928 2240 bona
952 2185 1104 2256 corrigunt.
1139 2186 1219 2240 Haec
1242 2203 1287 2240 me

119 2255 244 2319 dicente,
257 2252 306 2322 qui
319 2253 503 2306 aderantnon
514 2253 633 2306 obscure
645 2253 816 2306 videbantur
825 2254 949 2322 incipere
963 2253 1055 2306 dictos
1064 2271 1081 2306 a
1090 2269 1134 2306 me
1145 2272 1287 2307 sermones

115 2339 207 2376 amore
216 2320 358 2391 prosequi.
377 2320 490 2373 Etenim
499 2320 662 2390 frequenter
672 2328 701 2373 et
714 2321 840 2374 studiose
852 2328 997 2391 rogantes,
1010 2327 1042 2373 ut
1054 2320 1167 2374 omnino
1180 2323 1282 2391 postri-

116 2391 160 2443 die
177 2390 322 2454 venirem,
342 2387 464 2459 digressi
483 2393 556 2441 sunt.
591 2389 710 2441 Postero
728 2395 823 2441 autem
844 2388 890 2439 die
908 2388 993 2440 Petro
1010 2405 1124 2458 egresso
1142 2405 1286 2458 proeesse-

115 2465 178 2510 runt
190 2457 306 2510 obviam
318 2473 374 2509 non
386 2455 470 2525 pauci
483 2455 596 2508 finitimi
610 2473 643 2509 ac
655 2473 690 2534 ex
704 2455 766 2534 ipsa
779 2455 857 2524 Tyro
869 2455 1080 2524 quamplurimi,
1100 2461 1129 2507 et
1147 2456 1285 2508 acclama-

115 2525 184 2578 bant
197 2524 344 2577 dicentes:
363 2523 443 2577 Deus
458 2541 509 2644 per
524 2530 553 2577 te
572 2531 662 2577 nostri
680 2529 859 2587 misereatur,
877 2539 927 2590 per
944 2528 972 2574 te
990 2539 1042 2575 nos
1061 2528 1146 2575 curet:
1182 2523 1285 2575 Petrus

116 2611 179 2646 vero
192 2592 277 2646 stetit
290 2591 320 2643 in
333 2591 445 2644 excelso
469 2591 563 2661 apide,
576 2598 608 2644 ut
620 2591 656 2644 ab
669 2589 800 2643 omnibus
812 2595 909 2660 posset
928 2588 1069 2658 conspici,
1088 2606 1207 2659 cumque
1220 2589 1284 2644 reli-

117 2661 195 2731 gioso
209 2675 287 2712 more
301 2660 465 2725 salutasset,
477 2660 519 2713 ita
531 2676 645 2713 exorsus
659 2664 716 2711 est:

180 2760 259 2814 LIV.
294 2749 358 2813 D'eo
383 2760 522 2814 conditori
545 2759 631 2825 caeli,
655 2767 747 2812 terrae
767 2775 800 2812 ac
823 2759 908 2811 maris
929 2774 986 2810 non
1010 2757 1091 2811 deest
1113 2757 1226 2811 occasio
1248 2757 1285 2811 ad

117 2829 237 2882 salutem
255 2845 365 2892 eorum,
387 2828 435 2896 qui
454 2829 558 2881 servari
576 2828 709 2895 cupiunt,
732 2833 829 2896 potest
850 2827 972 2879 enimet
996 2825 1104 2879 animas
1126 2831 1237 2879 nostras
1256 2831 1285 2879 et

117 2913 232 2966 corpora
245 2911 363 2948 servare.
391 2896 486 2949 Audio
500 2896 607 2964 utique,
622 2894 764 2949 Simonem
777 2912 890 2966 magum
902 2893 975 2948 bove
987 2899 1111 2952 mactato
1124 2893 1284 2946 convivium

112 2965 195 3028 ‚vobis
208 2964 240 3016 in
256 2963 350 3016 medio
369 2962 428 3017 foro
448 2963 562 3017 dedisse
575 2980 608 3017 ac
622 2963 688 3016 vino
700 2964 789 3016 multo
804 2962 933 3032 expletos
951 2961 1120 3031 perniciosis
1132 2961 1237 3015 morbis
1250 2979 1284 3016 ao

116 3030 303 3085 daemonibus
315 3030 477 3084 tradidisse.
513 3029 552 3083 At
566 3019 643 3084 oeite
657 3031 731 3084 siout
743 3030 887 3100 perceptis
901 3029 1064 3096 sacrificiis,
1082 3046 1154 3099 quae
1172 3030 1283 3084 daemo-

115 3099 198 3152 nibus
216 3097 315 3152 oblata
331 3097 457 3165 fuerant,
475 3099 603 3152 malitiae
621 3097 687 3151 duci
705 3099 809 3152 servire
823 3098 916 3152 coacti
929 3098 1013 3164 estis,
1032 3099 1073 3152 ita
1091 3098 1115 3150 si
1127 3097 1163 3151 iis
1174 3098 1285 3152 relictis

115 3167 150 3221 ad
167 3167 264 3219 Deum
282 3182 333 3236 per
353 3165 496 3219 dominum
517 3173 643 3219 nostrum
664 3167 756 3219 Iesum
778 3165 922 3218 Christum
939 3166 1134 3232 accesseritis,
1155 3165 1284 3234 profecto

116 3236 219 3288 scitote
232 3251 283 3286 vos
297 3251 360 3286 cum
377 3233 502 3303 corporis
520 3235 643 3287 sanitate
662 3233 748 3286 etiam
765 3233 873 3286 animas
891 3249 974 3285 sanas
986 3232 1132 3286 habituros
1145 3250 1208 3286 esse
1220 3233 1284 3286 Deo

114 3303 223 3371 placita
235 3301 436 3355 consectando.
473 3300 624 3356 Caeterum
643 3301 707 3353 Deo
723 3299 831 3368 placita
849 3306 915 3352 sunt
932 3315 995 3351 eum
1011 3299 1153 3368 praecari,
1173 3298 1284 3352 daemo-

114 3371 224 3423 niorum
237 3384 337 3422 mensa
349 3368 508 3434 abstinere,
526 3369 693 3439 sanguinem
706 3383 762 3418 non
774 3365 917 3436 attingere
935 3381 985 3417 seu
1002 3371 1134 3435 gustare,
1153 3365 1189 3418 ab
1208 3365 1283 3417 omni

116 3437 331 3516 inquinamento
353 3437 549 3490 immaculatos
571 3453 601 3489 se
625 3450 790 3488 conservare
809 3434 838 3485 in
861 3431 958 3484 multis
980 3431 1143 3499 corporibus
1165 3431 1284 3483 eandem

115 3505 278 3584 opinionem
295 3502 349 3556 ade
370 3510 427 3556 tos:
447 3520 519 3572 quae
536 3502 728 3622 unusipuisque
746 3500 802 3554 sibi
820 3498 977 3578 desiderat,
999 3499 1097 3552 eadem
1119 3503 1148 3576 et
1170 3497 1204 3551 de
1221 3514 1283 3567 pro·

116 3589 187 3626 ximo
202 3576 320 3624 statuat.
385 3573 477 3624 onvis
490 3570 613 3625 interfici
652 3571 772 3623 alterum
784 3585 841 3622 non
856 3565 1025 3634 intentiores,
1046 3583 1102 3619 non
1113 3583 1157 3619 vrs
1169 3581 1283 3619 uxorem

115 3647 192 3692 tuam
210 3639 247 3692 ab
266 3637 324 3691 alio
342 3637 540 3708 constuprari?
564 3637 681 3692 alterius
700 3641 817 3707 nuptam
834 3634 1053 3705 ne'constupra3
1070 3651 1127 3688 non
1143 3634 1186 3687 vis
1204 3633 1283 3704 quid-

115 3892 158 3962 14)
171 3896 332 3947 καταλείπει
343 3895 418 3944 Hom.
428 3895 476 3957 IV,
488 3891 529 3944 21.
542 3921 576 3930 -
587 3891 628 3953 15)
638 3895 678 3944 Ita
772 3895 830 3960 Gap.
844 3893 913 3943 LIII.
932 3889 959 3960 1)
973 3890 1068 3951 ἔξότου
1080 3909 1104 3959 p.
1115 3891 1145 3950 ἐξ
1155 3887 1202 3943 ὅτε
1214 3893 1283 3942 Ο.-

114 3965 188 4014 etiam
202 3964 255 4025 Or,
272 3957 370 4027 λύττης
383 3964 411 4012 0.
432 3989 467 3997 -
488 3958 529 4026 16)
546 3963 586 4011 lta
602 3963 677 4012 etiam
720 3957 747 4026 2)
759 3962 799 4010 lta
810 3961 831 4010 it
843 3961 921 4026 Epit,
938 3959 1084 4016 Ἰουδαίοις
1099 3961 1175 4008 Hom.
1187 3959 1229 4018 IV,
1242 3953 1283 4006 24.

115 4034 166 4093 Or,
180 4027 256 4081 οὕτω
268 4031 297 4080 0.
307 4057 342 4065 -
353 4025 396 4110 17)
410 4025 501 4095 τούτῳ
515 4032 556 4079 Or.
568 4031 676 4079 etHom.
719 4056 754 4062 -
765 4024 793 4094 3)
805 4033 824 4076 I.
837 4029 893 4077 Cor.
904 4027 944 4089 15,
956 4024 996 4076 33
1007 4054 1041 4062 -
1052 4023 1080 4091 4)
1092 4021 1143 4092 γὰρ
1154 4041 1203 4076 om.
1213 4026 1283 4073 Ο.-

114 4095 214 4160 1v‚22.
232 4125 267 4133 -
284 4094 327 4160 18)
345 4115 435 4164 scrop
447 4098 522 4146 Hom.
539 4097 609 4155 ibid,
627 4113 677 4146 non
719 4092 747 4161 5)
761 4091 861 4146 itroire)
875 4096 897 4144 V
910 4100 935 4142 et
947 4095 988 4143 Or.

113 4167 174 4216 item
187 4167 229 4215 ⁰¹¹
771 4195 830 4260 Cap.
843 4194 911 4244 LIV.
936 4189 962 4257 1)
976 4191 1015 4258 τῷ
1027 4207 1074 4241 om.
1089 4192 1120 4242 V.
1130 4216 1163 4225 -
1175 4186 1203 4270 2)
1215 4187 1282 4242 ἄνα-

165 4267 227 4332 Cap.
239 4265 295 4314 LII
333 4262 357 4327 l)
372 4264 431 4323 πῶς
443 4267 468 4316 εἰ
480 4265 506 4314 V.
519 4291 553 4300 -
568 4260 595 4330 2)
609 4263 677 4314 Scri-
720 4257 849 4326 λαβόντές
862 4262 881 4309 0
895 4265 923 4308 ut
934 4261 1009 4308 Hom.
1020 4259 1078 4321 VII,
1090 4254 1120 4320 43
1141 4277 1193 4326 μιᾳ
1209 4251 1282 4326 γνώ-

113 4333 222 4384 bendum
241 4338 303 4398 puto
319 4333 347 4382 oI
363 4348 420 4382 cum
438 4334 513 4382 Hom.
531 4332 577 4393 IV,
590 4327 631 4380 23.
644 4358 677 4366 —
719 4348 741 4398 μ
773 4326 957 4392 στοιχοῦντας
969 4327 1038 4392 Epit.
1055 4353 1089 4362 -
1104 4322 1133 4394 3)
1149 4327 1240 4377 Matth.
1257 4321 1282 4386 7,

113 4398 140 4465 3)
153 4395 360 4470 παραιτήσηται
373 4401 404 4451 V.
721 4345 762 4446 lp
774 4423 808 4431 -
819 4391 848 4461 4)
862 4388 1043 4451 durredteots
1056 4395 1085 4444 0.
