3162 4900
282 361 345 426 Ml

544 524 576 578 L.

283 631 353 680 Leda
366 631 456 680 eedem
466 631 583 680 Nemesis
596 647 620 692 p.
633 633 690 680 271.

544 761 582 814 Μ.

283 869 423 926 melorium,
437 869 588 916 maforteum
600 882 625 928 p.
638 869 731 928 eoseq.

282 936 390 996 Megisto
403 941 483 982 meter
495 935 603 984 Arcadia
616 950 639 994 p.
654 935 711 994 276,
724 935 784 983 adn.
797 927 809 960 i

545 1063 580 1118 N.

280 1172 411 1231 Neptunus
425 1163 438 1231 ἢ
450 1168 515 1234 μέση
527 1163 593 1236 ὑγρὰ
606 1163 685 1218 οὐσία
696 1185 721 1231 p.
734 1169 790 1216 2⁷4.

544 1297 577 1354 Ο.

203 1445 204 1450 ,
281 1405 365 1454 Ovum
380 1405 515 1454 candidum
534 1422 565 1456 ex
583 1407 700 1474 doctrina
717 1405 839 1464 Orphieo·

315 1489 370 1522 rum
383 1489 407 1536 p.
421 1475 477 1520 274.
541 1534 566 1588 P

280 1641 339 1688 Pari
364 1637 470 1707 (Πάρου
495 1638 634 1699 Ποτνιέως)
662 1642 694 1688 ub
719 1641 840 1701 Apolline

315 1711 392 1756 amuli
405 1711 501 1756 nullam
517 1711 620 1757 aliunde
633 1710 750 1756 notitiam
762 1709 839 1756 habe-

313 1790 369 1822 mus
381 1791 404 1836 p.
419 1777 477 1823 272.

280 1843 420 1890 Phoenissa
446 1843 581 1903 Alphionis
607 1859 636 1890 ex
660 1844 726 1890 Jove
758 1847 840 1888 muter

313 1912 480 1999 Endprpionis
493 1911 595 1958 aliunde
608 1925 658 1958 non
672 1915 732 1956 nota
744 1925 768 1970 p.
782 1911 840 1968 267,

314 1979 372 2026 adn.

279 2047 407 2094 Pirithous
420 2047 451 2092 eb
464 2046 574 2092 Hercule
587 2050 686 2091 amatus
699 2060 723 2104 p.
738 2046 794 2092 272.

279 2115 372 2162 Pluten
396 2109 453 2175 (sic)
472 2113 591 2160 Plutidsn
616 2118 640 2158 et
666 2114 768 2159 Rufinus
795 2126 839 2172 ap·

313 2183 393 2240 pellat
411 2181 522 2228 Atlantis
541 2181 634 2236 lilium,
657 2195 685 2226 ex
705 2195 754 2239 que
775 2181 838 2240 Jup-

313 2249 379 2308 piter
391 2249 508 2308 genuerit
520 2249 653 2294 'lentulum
665 2262 688 2308 p,
703 2250 760 2294 267.

279 2315 450 2376 praedicatum
462 2317 562 2376 plurale
574 2313 685 2375 subjecti
703 2317 839 2376 singularis

278 2465 398 2510 praesens
412 2452 554 2512 profuturo
567 2464 592 2508 p.
604 2451 662 2497 832.

278 2519 429 2578 praesentia,
440 2531 489 2564 non
498 2519 584 2574 futuri,
595 2519 756 2578 participium
766 2532 836 2565 usur·

312 2591 399 2645 petum
417 2587 443 2632 in
462 2585 616 2632 dictionibus
629 2586 737 2646 talibus,
754 2587 835 2645 qualis

312 2659 352 2700 est
364 2639 421 2714 vim
434 2647 562 2714 ἀγγέλλων
574 2667 602 2712 p.
614 2654 672 2700 330.

540 2781 574 2835 R.

277 2889 452 2935 recensionem
476 2889 635 2938 diversarum
662 2890 786 2938 lectiones
811 2891 836 2935 in

311 2970 387 3002 unum
411 2965 556 3016 compactae
579 2973 604 3016 p.
618 2959 674 3005 252.
699 2957 756 3005 253.
780 2958 836 3004 264.

727 377 838 430 nvom
850 339 1035 436 rannus?

929 531 1455 593 mmmmmmmm

928 599 1203 659 mmmmm

1157 723 1185 780 S.

893 835 1015 882 Saturnus
1028 847 1043 880 a
1055 833 1122 881 Jove
1134 839 1259 882 castratus
1273 849 1296 894 p.
1312 835 1369 882 268.

893 901 1030 1027 singulpgpe
1070 916 1100 947 ex
1139 904 1262 961 sepulcris
1299 909 1456 952 mortuorum

1004 1087 1061 1128 ‘⁸
1154 1095 1188 1152 Τ.

893 1203 982 1252 tabula
995 1204 1062 1262 picta
1073 1204 1147 1250 «lovis
1166 1209 1192 1250 et
1204 1205 1311 1252 Junonis
1328 1205 1457 1265 incestu—m

926 1273 1099 1318 foedissimum
1117 1279 1312 1330 repraesentans
1334 1277 1360 1318 et
1375 1275 1457 1332 Argis

926 1343 952 1388 et
963 1339 988 1384 in
1002 1341 1086 1385 insula
1099 1341 1172 1387 Semo
1186 1346 1318 1386 asservata
1330 1355 1354 1398 p.
1369 1342 1425 1386 273.

892 1407 993 1454 tabulae
1012 1407 1095 1465 pictae
1116 1408 1210 1454 «lovem
1231 1422 1286 1453 cum
1303 1408 1375 1454 Lede
1393 1423 1457 1454 con-

927 1473 1082 1520 cumbentem
1101 1473 1250 1524 exhibentes
1263 1476 1363 1522 nornine
1376 1489 1457 1534 supra

926 1525 1291 1600 mmnfflmmm

892 1608 996 1668 Thalia,
1017 1622 1080 1668 quae
1102 1615 1128 1654 et
1149 1610 1239 1667 Aetna,
1261 1610 1368 1656 Vulcani
1390 1610 1456 1667 filia,

925 1677 1046 1734 nympha,
1063 1691 1078 1721 a
1090 1677 1154 1722 Jove
1170 1675 1274 1736 vitiato,
1292 1683 1373 1723 mater
1384 1677 1456 1723 Pali-

926 1757 1011 1789 cornm
1023 1758 1048 1802 p.
1061 1745 1119 1790 270.

891 1811 1019 1897 Themiepo
1065 1817 1147 1858 mater
1180 1811 1287 1858 Arcadis
1331 1825 1356 1870 p.
1393 1813 1455 1869 267,

926 1878 983 1926 adn.
1333 1894 1337 1906 ¹
1395 1919 1397 1924 ,

892 1945 980 1992 Therai
993 1943 1019 2006 (l
1031 1943 1145 2010 (·le'pooo)
1159 1945 1225 1992 inter
1238 1959 1330 2004 pueros
1343 1947 1375 1992 ab
1389 1949 1455 1992 Her·

925 2014 981 2058 cule
1010 2019 1107 2059 amatos
1136 2015 1260 2060 numerati
1288 2015 1455 2066 mentiosu-

924 2085 1012 2139 speotu
1024 2095 1052 2140 p.
1065 2083 1123 2130 272.

891 2147 1016 2194 Thracum
1040 2149 1156 2194 nonnulli
1187 2148 1291 2196 cunibus
1315 2151 1454 2196 vescentes

1132 2309 1190 2366 ·V.

890 2418 976 2463 Venus
989 2417 1065 2463 «lovis
1078 2429 1151 2463 soror
1162 2432 1187 2477 p.
1201 2419 1296 2476 268sq.

887 2486 993 2532 verbum
1004 2485 1104 2544 plurale
1115 2499 1170 2531 cum
1180 2486 1342 2532 substantivo
1353 2468 1454 2546 plureli
1539 2507 1540 2512 ¹

922 2554 1033 2598 neutrius
1050 2553 1150 2612 generis
1172 2557 1341 2599 constructum
1362 2569 1386 2613 p.
1400 2555 1452 2602 263
1539 2551 1540 2586 ³

923 2616 978 2681 (ubi
995 2621 1083 2669 adnot.
1100 2621 1132 2666 ad
1150 2635 1173 2678 p.
1188 2621 1244 2678 107,
1263 2621 1277 2666 9
1296 2621 1355 2668 add.
1372 2622 1453 2668 etium
1539 2621 1540 2670 j

922 2689 1015 2734 Homil.
1027 2703 1052 2747 p.
1066 2689 1124 2744 398,
1139 2684 1199 2750 17).

888 2757 993 2802 verbum
1006 2757 1137 2814 singulare
1147 2757 1228 2802 locum
1238 2755 1379 2813 praedicati
1392 2757 1449 2814 plu·
1539 2745 1540 2784 l

921 2820 985 2870 riom
999 2822 1217 2873 substantivorum
1232 2823 1399 2882 singularium
1412 2829 1450 2870 te·
1539 2825 1540 2838 ¹

922 2905 984 2939 nens
997 2906 1022 2950 p.
1034 2892 1092 2938 283.

544 4394 651 4436 Iali’fllss,
664 4394 851 4426 mahumeria·
864 4393 987 4425 erasnm
997 4395 1029 4426 ΕΤ
1039 4395 1172 4450 neumarum.

1012 4581 1206 4740 trel
