<?xml version="1.0" encoding="UTF-8"?>
<!DOCTYPE html PUBLIC "-//W3C//DTD XHTML 1.0 Transitional//EN"
    "http://www.w3.org/TR/xhtml1/DTD/xhtml1-transitional.dtd">
<html xmlns="http://www.w3.org/1999/xhtml" xml:lang="en" lang="en">
 <head>
  <title>
</title>
<meta http-equiv="Content-Type" content="text/html;charset=utf-8" />
  <meta name='ocr-system' content='tesseract 3.04.00' />
  <meta name='ocr-capabilities' content='ocr_page ocr_carea ocr_par ocr_line ocrx_word'/>
</head>
<body>
  <div class='ocr_page' id='page_1' title='image "./clementinorumep00dresgoog_0130.png"; bbox 0 0 3126 4894; ppageno 0'>
   <div class='ocr_carea' id='block_1_1' title="bbox 584 207 1315 273">
    <p class='ocr_par' dir='ltr' id='par_1_1' title="bbox 584 207 1315 273">
     <span class='ocr_line' id='line_1_1' title="bbox 584 207 1315 273; baseline -0.001 -2"><span class='ocrx_word' id='word_1_1' title='bbox 584 223 740 272; x_wconf 76' lang='lat' dir='ltr'>serrone</span> <span class='ocrx_word' id='word_1_2' title='bbox 760 223 871 273; x_wconf 80' lang='lat' dir='ltr'>emon.</span> <span class='ocrx_word' id='word_1_3' title='bbox 1255 207 1315 271; x_wconf 86' lang='lat'>111</span> 
     </span>
    </p>
   </div>
   <div class='ocr_carea' id='block_1_2' title="bbox 139 368 1318 1518">
    <p class='ocr_par' dir='ltr' id='par_1_2' title="bbox 139 368 1318 1518">
     <span class='ocr_line' id='line_1_2' title="bbox 206 368 1318 440; baseline 0.002 -16"><span class='ocrx_word' id='word_1_4' title='bbox 206 369 326 426; x_wconf 83' lang='lat' dir='ltr'>CLXV.</span> <span class='ocrx_word' id='word_1_5' title='bbox 358 368 561 438; x_wconf 71' lang='lat' dir='ltr'><strong>conspirantes</strong></span> <span class='ocrx_word' id='word_1_6' title='bbox 575 385 643 440; x_wconf 89' lang='lat' dir='ltr'>ergo</span> <span class='ocrx_word' id='word_1_7' title='bbox 656 369 791 424; x_wconf 89' lang='lat' dir='ltr'>adversus</span> <span class='ocrx_word' id='word_1_8' title='bbox 804 386 867 422; x_wconf 89' lang='lat' dir='ltr'>eum</span> <span class='ocrx_word' id='word_1_9' title='bbox 880 369 1082 440; x_wconf 75' lang='lat' dir='ltr'>improbissimi</span> <span class='ocrx_word' id='word_1_10' title='bbox 1095 369 1138 423; x_wconf 94' lang='lat' dir='ltr'>illi</span> <span class='ocrx_word' id='word_1_11' title='bbox 1151 369 1229 426; x_wconf 87' lang='lat' dir='ltr'>cives</span> <span class='ocrx_word' id='word_1_12' title='bbox 1242 371 1318 426; x_wconf 89' lang='lat' dir='ltr'>mala</span> 
     </span>
     <span class='ocr_line' id='line_1_3' title="bbox 141 435 1317 507; baseline -0.002 -13"><span class='ocrx_word' id='word_1_13' title='bbox 141 457 172 494; x_wconf 89' lang='lat' dir='ltr'>ac</span> <span class='ocrx_word' id='word_1_14' title='bbox 184 439 288 505; x_wconf 86' lang='lat' dir='ltr'>foeda,</span> <span class='ocrx_word' id='word_1_15' title='bbox 307 444 340 492; x_wconf 89' lang='lat' dir='ltr'>ut</span> <span class='ocrx_word' id='word_1_16' title='bbox 353 435 409 506; x_wconf 89' lang='lat' dir='ltr'>ipsi</span> <span class='ocrx_word' id='word_1_17' title='bbox 422 436 646 504; x_wconf 77' lang='lat' dir='ltr'>arbitrabantur,</span> <span class='ocrx_word' id='word_1_18' title='bbox 666 437 701 491; x_wconf 89' lang='lat' dir='ltr'>de</span> <span class='ocrx_word' id='word_1_19' title='bbox 715 435 764 490; x_wconf 94' lang='lat' dir='ltr'>illo</span> <span class='ocrx_word' id='word_1_20' title='bbox 777 436 943 490; x_wconf 90' lang='lat' dir='ltr'>diffundunt</span> <span class='ocrx_word' id='word_1_21' title='bbox 954 437 1100 507; x_wconf 88' lang='lat' dir='ltr'>multaque</span> <span class='ocrx_word' id='word_1_22' title='bbox 1113 435 1252 492; x_wconf 88' lang='lat' dir='ltr'>obiiciunt</span> <span class='ocrx_word' id='word_1_23' title='bbox 1265 439 1317 492; x_wconf 91' lang='lat' dir='ltr'>cri-</span> 
     </span>
     <span class='ocr_line' id='line_1_4' title="bbox 140 503 1317 576; baseline 0.001 -17"><span class='ocrx_word' id='word_1_24' title='bbox 140 507 228 572; x_wconf 89' lang='lat' dir='ltr'>mina,</span> <span class='ocrx_word' id='word_1_25' title='bbox 248 504 426 576; x_wconf 88' lang='lat' dir='ltr'>praestigias</span> <span class='ocrx_word' id='word_1_26' title='bbox 446 504 472 557; x_wconf 90' lang='lat' dir='ltr'>ei</span> <span class='ocrx_word' id='word_1_27' title='bbox 494 503 653 557; x_wconf 87' lang='lat' dir='ltr'>attribuunt</span> <span class='ocrx_word' id='word_1_28' title='bbox 675 509 704 558; x_wconf 91' lang='lat' dir='ltr'>et</span> <span class='ocrx_word' id='word_1_29' title='bbox 725 504 874 575; x_wconf 84' lang='lat' dir='ltr'>religionis</span> <span class='ocrx_word' id='word_1_30' title='bbox 896 521 991 558; x_wconf 90' lang='lat' dir='ltr'>eorum</span> <span class='ocrx_word' id='word_1_31' title='bbox 1010 505 1185 558; x_wconf 89' lang='lat' dir='ltr'>eversionem</span> <span class='ocrx_word' id='word_1_32' title='bbox 1204 506 1317 576; x_wconf 90' lang='lat' dir='ltr'>aliaque</span> 
     </span>
     <span class='ocr_line' id='line_1_5' title="bbox 140 570 1317 644; baseline 0 -18"><span class='ocrx_word' id='word_1_33' title='bbox 140 575 264 644; x_wconf 86' lang='lat' dir='ltr'>plurima</span> <span class='ocrx_word' id='word_1_34' title='bbox 283 580 371 642; x_wconf 89' lang='lat' dir='ltr'>atque</span> <span class='ocrx_word' id='word_1_35' title='bbox 391 571 504 636; x_wconf 88' lang='lat' dir='ltr'>dicunt,</span> <span class='ocrx_word' id='word_1_36' title='bbox 523 571 558 624; x_wconf 88' lang='lat' dir='ltr'>ab</span> <span class='ocrx_word' id='word_1_37' title='bbox 577 572 639 641; x_wconf 92' lang='lat' dir='ltr'>ipso</span> <span class='ocrx_word' id='word_1_38' title='bbox 656 570 735 625; x_wconf 89' lang='lat' dir='ltr'>affici</span> <span class='ocrx_word' id='word_1_39' title='bbox 748 571 929 626; x_wconf 86' lang='lat' dir='ltr'>contumeliis</span> <span class='ocrx_word' id='word_1_40' title='bbox 947 577 976 624; x_wconf 89' lang='lat' dir='ltr'>et</span> <span class='ocrx_word' id='word_1_41' title='bbox 989 571 1107 626; x_wconf 88' lang='lat' dir='ltr'>lacerari</span> <span class='ocrx_word' id='word_1_42' title='bbox 1119 572 1227 642; x_wconf 90' lang='lat' dir='ltr'>patrios</span> <span class='ocrx_word' id='word_1_43' title='bbox 1239 573 1317 640; x_wconf 89' lang='lat' dir='ltr'>deos,</span> 
     </span>
     <span class='ocr_line' id='line_1_6' title="bbox 139 638 1317 710; baseline 0 -16"><span class='ocrx_word' id='word_1_44' title='bbox 139 649 169 694; x_wconf 91' lang='lat' dir='ltr'>ut</span> <span class='ocrx_word' id='word_1_45' title='bbox 190 642 241 710; x_wconf 93' lang='lat' dir='ltr'>qui</span> <span class='ocrx_word' id='word_1_46' title='bbox 259 641 362 695; x_wconf 87' lang='lat' dir='ltr'>Iovem</span> <span class='ocrx_word' id='word_1_47' title='bbox 381 638 504 692; x_wconf 89' lang='lat' dir='ltr'>omnium</span> <span class='ocrx_word' id='word_1_48' title='bbox 523 639 638 692; x_wconf 91' lang='lat' dir='ltr'>deorum</span> <span class='ocrx_word' id='word_1_49' title='bbox 656 639 806 693; x_wconf 84' lang='lat' dir='ltr'>maximum</span> <span class='ocrx_word' id='word_1_50' title='bbox 823 655 915 708; x_wconf 90' lang='lat' dir='ltr'>neque</span> <span class='ocrx_word' id='word_1_51' title='bbox 928 638 1011 692; x_wconf 91' lang='lat' dir='ltr'>deum</span> <span class='ocrx_word' id='word_1_52' title='bbox 1023 655 1136 709; x_wconf 89' lang='lat' dir='ltr'>prorsus</span> <span class='ocrx_word' id='word_1_53' title='bbox 1150 640 1317 706; x_wconf 87' lang='lat' dir='ltr'>nominaret,</span> 
     </span>
     <span class='ocr_line' id='line_1_7' title="bbox 140 704 1317 776; baseline -0.002 -14"><span class='ocrx_word' id='word_1_54' title='bbox 140 709 297 762; x_wconf 82' lang='lat' dir='ltr'>Herculem</span> <span class='ocrx_word' id='word_1_55' title='bbox 311 725 378 760; x_wconf 87' lang='lat' dir='ltr'>vero</span> <span class='ocrx_word' id='word_1_56' title='bbox 390 705 547 760; x_wconf 83' lang='lat' dir='ltr'>Alcmenae</span> <span class='ocrx_word' id='word_1_57' title='bbox 561 704 660 774; x_wconf 89' lang='lat' dir='ltr'>filium,</span> <span class='ocrx_word' id='word_1_58' title='bbox 674 723 757 776; x_wconf 90' lang='lat' dir='ltr'>quem</span> <span class='ocrx_word' id='word_1_59' title='bbox 770 707 813 759; x_wconf 90' lang='lat' dir='ltr'>illi</span> <span class='ocrx_word' id='word_1_60' title='bbox 828 723 908 759; x_wconf 91' lang='lat' dir='ltr'>suum</span> <span class='ocrx_word' id='word_1_61' title='bbox 921 712 1148 760; x_wconf 84' lang='lat' dir='ltr'>conservatorem</span> <span class='ocrx_word' id='word_1_62' title='bbox 1160 707 1254 774; x_wconf 89' lang='lat' dir='ltr'>aiunt,</span> <span class='ocrx_word' id='word_1_63' title='bbox 1268 707 1317 760; x_wconf 93' lang='lat' dir='ltr'>im·</span> 
     </span>
     <span class='ocr_line' id='line_1_8' title="bbox 141 774 1318 847; baseline -0.002 -17"><span class='ocrx_word' id='word_1_64' title='bbox 141 794 240 847; x_wconf 89' lang='lat' dir='ltr'>purum</span> <span class='ocrx_word' id='word_1_65' title='bbox 259 774 584 845; x_wconf 86' lang='lat' dir='ltr'>quendamdaemonem</span> <span class='ocrx_word' id='word_1_66' title='bbox 597 780 626 827; x_wconf 91' lang='lat' dir='ltr'>et</span> <span class='ocrx_word' id='word_1_67' title='bbox 643 777 797 828; x_wconf 88' lang='lat' dir='ltr'>scelestum</span> <span class='ocrx_word' id='word_1_68' title='bbox 809 781 939 840; x_wconf 86' lang='lat' dir='ltr'>vocaret,</span> <span class='ocrx_word' id='word_1_69' title='bbox 955 774 1129 829; x_wconf 75' lang='lat' dir='ltr'>carissimam</span> <span class='ocrx_word' id='word_1_70' title='bbox 1142 781 1171 828; x_wconf 90' lang='lat' dir='ltr'>et</span> <span class='ocrx_word' id='word_1_71' title='bbox 1184 775 1318 828; x_wconf 88' lang='lat' dir='ltr'>suavissi-</span> 
     </span>
     <span class='ocr_line' id='line_1_9' title="bbox 139 841 1317 921; baseline -0.001 -25"><span class='ocrx_word' id='word_1_72' title='bbox 139 862 211 898; x_wconf 86' lang='lat' dir='ltr'>mam</span> <span class='ocrx_word' id='word_1_73' title='bbox 222 843 368 898; x_wconf 89' lang='lat' dir='ltr'>Venerem</span> <span class='ocrx_word' id='word_1_74' title='bbox 378 841 555 895; x_wconf 85' lang='lat' dir='ltr'>meretricem</span> <span class='ocrx_word' id='word_1_75' title='bbox 568 841 725 908; x_wconf 87' lang='lat' dir='ltr'>induceret,</span> <span class='ocrx_word' id='word_1_76' title='bbox 738 848 768 895; x_wconf 89' lang='lat' dir='ltr'>at</span> <span class='ocrx_word' id='word_1_77' title='bbox 788 858 824 894; x_wconf 90' lang='lat' dir='ltr'>ue</span> <span class='ocrx_word' id='word_1_78' title='bbox 834 841 969 921; x_wconf 87' lang='lat' dir='ltr'>optimam</span> <span class='ocrx_word' id='word_1_79' title='bbox 980 841 1175 896; x_wconf 86' lang='lat' dir='ltr'>iaculatricem</span> <span class='ocrx_word' id='word_1_80' title='bbox 1183 841 1317 909; x_wconf 86' lang='lat' dir='ltr'>Dianam,</span> 
     </span>
     <span class='ocr_line' id='line_1_10' title="bbox 142 860 1317 981; baseline -0.001 -16"><span class='ocrx_word' id='word_1_81' title='bbox 142 912 304 981; x_wconf 89' lang='lat' dir='ltr'>sapientem</span> <span class='ocrx_word' id='word_1_82' title='bbox 321 908 493 962; x_wconf 85' lang='lat' dir='ltr'>Mercurium</span> <span class='ocrx_word' id='word_1_83' title='bbox 514 909 597 962; x_wconf 91' lang='lat' dir='ltr'>deum</span> <span class='ocrx_word' id='word_1_84' title='bbox 616 909 752 962; x_wconf 90' lang='lat' dir='ltr'>sermonis</span> <span class='ocrx_word' id='word_1_85' title='bbox 760 860 957 976; x_wconf 47' lang='lat' dir='ltr'>,qbellrcosum</span> <span class='ocrx_word' id='word_1_86' title='bbox 972 908 1093 963; x_wconf 87' lang='lat' dir='ltr'>Martem</span> <span class='ocrx_word' id='word_1_87' title='bbox 1111 908 1317 980; x_wconf 86' lang='lat' dir='ltr'>Saturnumque</span> 
     </span>
     <span class='ocr_line' id='line_1_11' title="bbox 141 975 1318 1049; baseline 0 -17"><span class='ocrx_word' id='word_1_88' title='bbox 141 979 233 1049; x_wconf 90' lang='lat' dir='ltr'>ipsum</span> <span class='ocrx_word' id='word_1_89' title='bbox 246 995 283 1031; x_wconf 88' lang='lat' dir='ltr'>ex</span> <span class='ocrx_word' id='word_1_90' title='bbox 302 993 395 1046; x_wconf 88' lang='lat' dir='ltr'>aequo</span> <span class='ocrx_word' id='word_1_91' title='bbox 412 992 509 1042; x_wconf 81' lang='lat' dir='ltr'>omnes</span> <span class='ocrx_word' id='word_1_92' title='bbox 526 975 677 1030; x_wconf 88' lang='lat' dir='ltr'>infamaret</span> <span class='ocrx_word' id='word_1_93' title='bbox 694 982 779 1046; x_wconf 90' lang='lat' dir='ltr'>atque</span> <span class='ocrx_word' id='word_1_94' title='bbox 793 975 1001 1042; x_wconf 88' lang='lat' dir='ltr'>criminaretur,</span> <span class='ocrx_word' id='word_1_95' title='bbox 1018 993 1128 1030; x_wconf 90' lang='lat' dir='ltr'>necnon</span> <span class='ocrx_word' id='word_1_96' title='bbox 1140 976 1238 1032; x_wconf 90' lang='lat' dir='ltr'>horum</span> <span class='ocrx_word' id='word_1_97' title='bbox 1250 977 1318 1032; x_wconf 89' lang='lat' dir='ltr'>fana</span> 
     </span>
     <span class='ocr_line' id='line_1_12' title="bbox 141 1042 1317 1100; baseline -0.002 0"><span class='ocrx_word' id='word_1_98' title='bbox 141 1053 168 1100; x_wconf 91' lang='lat' dir='ltr'>et</span> <span class='ocrx_word' id='word_1_99' title='bbox 181 1063 246 1100; x_wconf 88' lang='lat' dir='ltr'>aras</span> <span class='ocrx_word' id='word_1_100' title='bbox 261 1049 410 1098; x_wconf 87' lang='lat' dir='ltr'>everteret.</span> <span class='ocrx_word' id='word_1_101' title='bbox 430 1042 477 1095; x_wconf 91' lang='lat' dir='ltr'>Ad</span> <span class='ocrx_word' id='word_1_102' title='bbox 490 1061 626 1097; x_wconf 91' lang='lat' dir='ltr'>summam</span> <span class='ocrx_word' id='word_1_103' title='bbox 639 1044 769 1098; x_wconf 86' lang='lat' dir='ltr'>aiebant:</span> <span class='ocrx_word' id='word_1_104' title='bbox 787 1043 847 1096; x_wconf 91' lang='lat' dir='ltr'>Aut</span> <span class='ocrx_word' id='word_1_105' title='bbox 860 1044 915 1096; x_wconf 92' lang='lat' dir='ltr'>diis</span> <span class='ocrx_word' id='word_1_106' title='bbox 930 1042 1072 1098; x_wconf 87' lang='lat' dir='ltr'>sacrificet</span> <span class='ocrx_word' id='word_1_107' title='bbox 1085 1051 1134 1098; x_wconf 87' lang='lat' dir='ltr'>aut</span> <span class='ocrx_word' id='word_1_108' title='bbox 1146 1045 1207 1098; x_wconf 88' lang='lat' dir='ltr'>vita</span> <span class='ocrx_word' id='word_1_109' title='bbox 1219 1046 1317 1099; x_wconf 88' lang='lat' dir='ltr'>statim</span> 
     </span>
     <span class='ocr_line' id='line_1_13' title="bbox 140 1110 1316 1184; baseline 0.001 -19"><span class='ocrx_word' id='word_1_110' title='bbox 140 1114 276 1184; x_wconf 86' lang='lat' dir='ltr'>privetur.</span> <span class='ocrx_word' id='word_1_111' title='bbox 312 1111 409 1181; x_wconf 86' lang='lat' dir='ltr'>Atque</span> <span class='ocrx_word' id='word_1_112' title='bbox 426 1110 471 1162; x_wconf 94' lang='lat' dir='ltr'>illi</span> <span class='ocrx_word' id='word_1_113' title='bbox 489 1111 603 1178; x_wconf 89' lang='lat' dir='ltr'>quidem</span> <span class='ocrx_word' id='word_1_114' title='bbox 619 1111 691 1165; x_wconf 89' lang='lat' dir='ltr'>talis</span> <span class='ocrx_word' id='word_1_115' title='bbox 707 1117 852 1166; x_wconf 89' lang='lat' dir='ltr'>moventes</span> <span class='ocrx_word' id='word_1_116' title='bbox 870 1111 1020 1182; x_wconf 88' lang='lat' dir='ltr'>petebant,</span> <span class='ocrx_word' id='word_1_117' title='bbox 1038 1117 1070 1164; x_wconf 91' lang='lat' dir='ltr'>ut</span> <span class='ocrx_word' id='word_1_118' title='bbox 1082 1111 1138 1165; x_wconf 89' lang='lat' dir='ltr'>sibi</span> <span class='ocrx_word' id='word_1_119' title='bbox 1150 1113 1187 1166; x_wconf 90' lang='lat' dir='ltr'>ad</span> <span class='ocrx_word' id='word_1_120' title='bbox 1199 1119 1316 1167; x_wconf 88' lang='lat' dir='ltr'>mortem</span> 
     </span>
     <span class='ocr_line' id='line_1_14' title="bbox 141 1176 1316 1250; baseline 0 -17"><span class='ocrx_word' id='word_1_121' title='bbox 141 1182 304 1235; x_wconf 87' lang='lat' dir='ltr'>traderetur</span> <span class='ocrx_word' id='word_1_122' title='bbox 312 1177 483 1250; x_wconf 87' lang='lat' dir='ltr'>patriarcha.</span> <span class='ocrx_word' id='word_1_123' title='bbox 502 1176 546 1232; x_wconf 83' lang='lat' dir='ltr'>ob</span> <span class='ocrx_word' id='word_1_124' title='bbox 557 1195 629 1248; x_wconf 88' lang='lat' dir='ltr'>quae</span> <span class='ocrx_word' id='word_1_125' title='bbox 637 1179 869 1250; x_wconf 89' lang='lat' dir='ltr'>indignabantur,</span> <span class='ocrx_word' id='word_1_126' title='bbox 880 1179 1040 1248; x_wconf 88' lang='lat' dir='ltr'>quicunque</span> <span class='ocrx_word' id='word_1_127' title='bbox 1073 1180 1175 1233; x_wconf 87' lang='lat' dir='ltr'>ecuuia</span> <span class='ocrx_word' id='word_1_128' title='bbox 1187 1179 1316 1234; x_wconf 85' lang='lat' dir='ltr'>venalem</span> 
     </span>
     <span class='ocr_line' id='line_1_15' title="bbox 141 1197 1316 1317; baseline -0.001 -15"><span class='ocrx_word' id='word_1_129' title='bbox 141 1247 351 1302; x_wconf 89' lang='lat' dir='ltr'>conscientiam</span> <span class='ocrx_word' id='word_1_130' title='bbox 364 1263 422 1300; x_wconf 92' lang='lat' dir='ltr'>non</span> <span class='ocrx_word' id='word_1_131' title='bbox 439 1245 640 1313; x_wconf 87' lang='lat' dir='ltr'>exhibuerant,</span> <span class='ocrx_word' id='word_1_132' title='bbox 658 1246 901 1317; x_wconf 89' lang='lat' dir='ltr'>loquebanturque</span> <span class='ocrx_word' id='word_1_133' title='bbox 919 1247 956 1300; x_wconf 89' lang='lat' dir='ltr'>ad</span> <span class='ocrx_word' id='word_1_134' title='bbox 971 1197 1105 1316; x_wconf 69' lang='lat' dir='ltr'>populhm</span> <span class='ocrx_word' id='word_1_135' title='bbox 1118 1247 1207 1300; x_wconf 89' lang='lat' dir='ltr'>libere</span> <span class='ocrx_word' id='word_1_136' title='bbox 1221 1247 1316 1301; x_wconf 87' lang='lat' dir='ltr'>dicen-</span> 
     </span>
     <span class='ocr_line' id='line_1_16' title="bbox 140 1311 1316 1384; baseline 0 -16"><span class='ocrx_word' id='word_1_137' title='bbox 140 1321 199 1369; x_wconf 89' lang='lat' dir='ltr'>tes:</span> <span class='ocrx_word' id='word_1_138' title='bbox 213 1315 291 1379; x_wconf 83' lang='lat' dir='ltr'>Quid</span> <span class='ocrx_word' id='word_1_139' title='bbox 303 1313 374 1368; x_wconf 93' lang='lat' dir='ltr'>mali</span> <span class='ocrx_word' id='word_1_140' title='bbox 386 1331 403 1367; x_wconf 92' lang='lat' dir='ltr'>a</span> <span class='ocrx_word' id='word_1_141' title='bbox 413 1312 576 1382; x_wconf 86' lang='lat' dir='ltr'>patriarcha</span> <span class='ocrx_word' id='word_1_142' title='bbox 609 1319 701 1367; x_wconf 90' lang='lat' dir='ltr'>estum</span> <span class='ocrx_word' id='word_1_143' title='bbox 714 1320 772 1381; x_wconf 80' lang='lat' dir='ltr'>est3</span> <span class='ocrx_word' id='word_1_144' title='bbox 785 1315 869 1368; x_wconf 90' lang='lat' dir='ltr'>immo</span> <span class='ocrx_word' id='word_1_145' title='bbox 881 1331 948 1367; x_wconf 90' lang='lat' dir='ltr'>vero</span> <span class='ocrx_word' id='word_1_146' title='bbox 960 1330 1032 1382; x_wconf 86' lang='lat' dir='ltr'>quae</span> <span class='ocrx_word' id='word_1_147' title='bbox 1041 1311 1183 1368; x_wconf 89' lang='lat' dir='ltr'>beneficia</span> <span class='ocrx_word' id='word_1_148' title='bbox 1194 1331 1244 1384; x_wconf 92' lang='lat' dir='ltr'>per</span> <span class='ocrx_word' id='word_1_149' title='bbox 1254 1332 1316 1368; x_wconf 90' lang='lat' dir='ltr'>eum</span> 
     </span>
     <span class='ocr_line' id='line_1_17' title="bbox 142 1379 1317 1452; baseline 0 -16"><span class='ocrx_word' id='word_1_150' title='bbox 142 1383 248 1436; x_wconf 77' lang='lat' dir='ltr'>civitas</span> <span class='ocrx_word' id='word_1_151' title='bbox 261 1399 321 1436; x_wconf 91' lang='lat' dir='ltr'>nou</span> <span class='ocrx_word' id='word_1_152' title='bbox 334 1386 378 1436; x_wconf 93' lang='lat' dir='ltr'>est</span> <span class='ocrx_word' id='word_1_153' title='bbox 391 1379 567 1434; x_wconf 87' lang='lat' dir='ltr'>consecuta?</span> <span class='ocrx_word' id='word_1_154' title='bbox 616 1381 754 1452; x_wconf 90' lang='lat' dir='ltr'>eindeque</span> <span class='ocrx_word' id='word_1_155' title='bbox 765 1382 880 1452; x_wconf 88' lang='lat' dir='ltr'>singula</span> <span class='ocrx_word' id='word_1_156' title='bbox 890 1397 961 1450; x_wconf 92' lang='lat' dir='ltr'>quae</span> <span class='ocrx_word' id='word_1_157' title='bbox 971 1380 1141 1435; x_wconf 91' lang='lat' dir='ltr'>mirabiliter</span> <span class='ocrx_word' id='word_1_158' title='bbox 1150 1381 1185 1434; x_wconf 91' lang='lat' dir='ltr'>ab</span> <span class='ocrx_word' id='word_1_159' title='bbox 1196 1397 1229 1435; x_wconf 91' lang='lat' dir='ltr'>eo</span> <span class='ocrx_word' id='word_1_160' title='bbox 1239 1381 1317 1436; x_wconf 90' lang='lat' dir='ltr'>facta</span> 
     </span>
     <span class='ocr_line' id='line_1_18' title="bbox 141 1447 1315 1518; baseline -0.002 -15"><span class='ocrx_word' id='word_1_161' title='bbox 141 1451 257 1504; x_wconf 86' lang='lat' dir='ltr'>fuerant</span> <span class='ocrx_word' id='word_1_162' title='bbox 269 1447 473 1514; x_wconf 84' lang='lat' dir='ltr'>recensebant,</span> <span class='ocrx_word' id='word_1_163' title='bbox 491 1454 520 1501; x_wconf 87' lang='lat' dir='ltr'>et</span> <span class='ocrx_word' id='word_1_164' title='bbox 538 1464 632 1502; x_wconf 90' lang='lat' dir='ltr'>eorum</span> <span class='ocrx_word' id='word_1_165' title='bbox 645 1466 716 1518; x_wconf 89' lang='lat' dir='ltr'>quae</span> <span class='ocrx_word' id='word_1_166' title='bbox 729 1449 922 1502; x_wconf 87' lang='lat' dir='ltr'>memorabant</span> <span class='ocrx_word' id='word_1_167' title='bbox 934 1448 1010 1517; x_wconf 90' lang='lat' dir='ltr'>ipsos</span> <span class='ocrx_word' id='word_1_168' title='bbox 1023 1448 1206 1502; x_wconf 87' lang='lat' dir='ltr'>assumebant</span> <span class='ocrx_word' id='word_1_169' title='bbox 1218 1455 1315 1503; x_wconf 90' lang='lat' dir='ltr'>testes.</span> 
     </span>
    </p>
   </div>
   <div class='ocr_carea' id='block_1_3' title="bbox 133 1548 1373 2834">
    <p class='ocr_par' dir='ltr' id='par_1_3' title="bbox 134 1548 1373 2347">
     <span class='ocr_line' id='line_1_19' title="bbox 209 1548 1315 1620; baseline 0 -16"><span class='ocrx_word' id='word_1_170' title='bbox 209 1549 342 1604; x_wconf 83' lang='lat' dir='ltr'>CLXVI.</span> <span class='ocrx_word' id='word_1_171' title='bbox 377 1548 565 1612; x_wconf 89' lang='lat' dir='ltr'>Mamertinus</span> <span class='ocrx_word' id='word_1_172' title='bbox 578 1555 674 1604; x_wconf 88' lang='lat' dir='ltr'>autem</span> <span class='ocrx_word' id='word_1_173' title='bbox 686 1549 750 1604; x_wconf 89' lang='lat' dir='ltr'>urbi</span> <span class='ocrx_word' id='word_1_174' title='bbox 760 1549 922 1620; x_wconf 84' lang='lat' dir='ltr'>praefectus</span> <span class='ocrx_word' id='word_1_175' title='bbox 935 1548 1007 1602; x_wconf 90' lang='lat' dir='ltr'>adeo</span> <span class='ocrx_word' id='word_1_176' title='bbox 1021 1548 1161 1602; x_wconf 87' lang='lat' dir='ltr'>seditione</span> <span class='ocrx_word' id='word_1_177' title='bbox 1175 1549 1315 1620; x_wconf 87' lang='lat' dir='ltr'>agitatam</span> 
     </span>
     <span class='ocr_line' id='line_1_20' title="bbox 138 1616 1314 1686; baseline -0.003 -15"><span class='ocrx_word' id='word_1_178' title='bbox 138 1619 288 1672; x_wconf 87' lang='lat' dir='ltr'>civitatem</span> <span class='ocrx_word' id='word_1_179' title='bbox 305 1616 403 1670; x_wconf 84' lang='lat' dir='ltr'>videre</span> <span class='ocrx_word' id='word_1_180' title='bbox 421 1634 476 1670; x_wconf 91' lang='lat' dir='ltr'>non</span> <span class='ocrx_word' id='word_1_181' title='bbox 490 1617 650 1684; x_wconf 89' lang='lat' dir='ltr'>sustinens,</span> <span class='ocrx_word' id='word_1_182' title='bbox 664 1621 700 1672; x_wconf 88' lang='lat' dir='ltr'>ed</span> <span class='ocrx_word' id='word_1_183' title='bbox 713 1617 784 1672; x_wconf 89' lang='lat' dir='ltr'>haee</span> <span class='ocrx_word' id='word_1_184' title='bbox 796 1633 879 1670; x_wconf 88' lang='lat' dir='ltr'>verse</span> <span class='ocrx_word' id='word_1_185' title='bbox 895 1616 1044 1686; x_wconf 85' lang='lat' dir='ltr'>religionis</span> <span class='ocrx_word' id='word_1_186' title='bbox 1057 1617 1231 1670; x_wconf 90' lang='lat' dir='ltr'>incremento</span> <span class='ocrx_word' id='word_1_187' title='bbox 1244 1617 1314 1670; x_wconf 89' lang='lat' dir='ltr'>invi-</span> 
     </span>
     <span class='ocr_line' id='line_1_21' title="bbox 140 1683 1315 1756; baseline -0.002 -18"><span class='ocrx_word' id='word_1_188' title='bbox 140 1687 221 1752; x_wconf 93' lang='lat' dir='ltr'>dens,</span> <span class='ocrx_word' id='word_1_189' title='bbox 234 1685 318 1738; x_wconf 92' lang='lat' dir='ltr'>adse</span> <span class='ocrx_word' id='word_1_190' title='bbox 331 1683 452 1738; x_wconf 86' lang='lat' dir='ltr'>arcessit</span> <span class='ocrx_word' id='word_1_191' title='bbox 464 1684 578 1738; x_wconf 90' lang='lat' dir='ltr'>beatum</span> <span class='ocrx_word' id='word_1_192' title='bbox 593 1685 768 1739; x_wconf 83' lang='lat' dir='ltr'>Clementem</span> <span class='ocrx_word' id='word_1_193' title='bbox 780 1685 930 1753; x_wconf 88' lang='lat' dir='ltr'>verbisque</span> <span class='ocrx_word' id='word_1_194' title='bbox 943 1689 1001 1738; x_wconf 88' lang='lat' dir='ltr'>tam</span> <span class='ocrx_word' id='word_1_195' title='bbox 1014 1701 1181 1756; x_wconf 89' lang='lat' dir='ltr'>generosum</span> <span class='ocrx_word' id='word_1_196' title='bbox 1191 1684 1315 1738; x_wconf 90' lang='lat' dir='ltr'>animum</span> 
     </span>
     <span class='ocr_line' id='line_1_22' title="bbox 138 1750 1314 1822; baseline -0.002 -16"><span class='ocrx_word' id='word_1_197' title='bbox 138 1759 260 1807; x_wconf 90' lang='lat' dir='ltr'>conatur</span> <span class='ocrx_word' id='word_1_198' title='bbox 271 1751 372 1806; x_wconf 88' lang='lat' dir='ltr'>fallere</span> <span class='ocrx_word' id='word_1_199' title='bbox 383 1768 417 1804; x_wconf 89' lang='lat' dir='ltr'>ao</span> <span class='ocrx_word' id='word_1_200' title='bbox 427 1750 567 1806; x_wconf 78' lang='lat' dir='ltr'>abducere</span> <span class='ocrx_word' id='word_1_201' title='bbox 579 1753 690 1806; x_wconf 88' lang='lat' dir='ltr'>diceus:</span> <span class='ocrx_word' id='word_1_202' title='bbox 709 1753 752 1805; x_wconf 83' lang='lat' dir='ltr'>Ex</span> <span class='ocrx_word' id='word_1_203' title='bbox 762 1752 851 1806; x_wconf 92' lang='lat' dir='ltr'>nobili</span> <span class='ocrx_word' id='word_1_204' title='bbox 863 1753 950 1821; x_wconf 89' lang='lat' dir='ltr'>stirpe</span> <span class='ocrx_word' id='word_1_205' title='bbox 961 1757 1038 1805; x_wconf 89' lang='lat' dir='ltr'>ortus</span> <span class='ocrx_word' id='word_1_206' title='bbox 1048 1769 1092 1819; x_wconf 72' lang='lat' dir='ltr'>es,</span> <span class='ocrx_word' id='word_1_207' title='bbox 1105 1751 1159 1806; x_wconf 87' lang='lat' dir='ltr'>hoo</span> <span class='ocrx_word' id='word_1_208' title='bbox 1170 1753 1205 1805; x_wconf 91' lang='lat' dir='ltr'>de</span> <span class='ocrx_word' id='word_1_209' title='bbox 1214 1757 1244 1805; x_wconf 90' lang='lat' dir='ltr'>te</span> <span class='ocrx_word' id='word_1_210' title='bbox 1253 1769 1314 1822; x_wconf 90' lang='lat' dir='ltr'>per·</span> 
     </span>
     <span class='ocr_line' id='line_1_23' title="bbox 137 1819 1314 1890; baseline 0.001 -17"><span class='ocrx_word' id='word_1_211' title='bbox 137 1820 220 1874; x_wconf 90' lang='lat' dir='ltr'>hibet</span> <span class='ocrx_word' id='word_1_212' title='bbox 232 1819 430 1872; x_wconf 91' lang='lat' dir='ltr'>testimonium</span> <span class='ocrx_word' id='word_1_213' title='bbox 443 1819 532 1872; x_wconf 89' lang='lat' dir='ltr'>omnis</span> <span class='ocrx_word' id='word_1_214' title='bbox 542 1821 662 1889; x_wconf 90' lang='lat' dir='ltr'>populus</span> <span class='ocrx_word' id='word_1_215' title='bbox 675 1820 835 1886; x_wconf 75' lang='lat' dir='ltr'>Romanus,</span> <span class='ocrx_word' id='word_1_216' title='bbox 853 1821 904 1874; x_wconf 91' lang='lat' dir='ltr'>sed</span> <span class='ocrx_word' id='word_1_217' title='bbox 921 1820 1024 1890; x_wconf 89' lang='lat' dir='ltr'>etipse</span> <span class='ocrx_word' id='word_1_218' title='bbox 1037 1820 1066 1874; x_wconf 90' lang='lat' dir='ltr'>in</span> <span class='ocrx_word' id='word_1_219' title='bbox 1078 1820 1229 1874; x_wconf 90' lang='lat' dir='ltr'>humanum</span> <span class='ocrx_word' id='word_1_220' title='bbox 1242 1836 1314 1874; x_wconf 89' lang='lat' dir='ltr'>erro·</span> 
     </span>
     <span class='ocr_line' id='line_1_24' title="bbox 137 1886 1315 1957; baseline -0.001 -16"><span class='ocrx_word' id='word_1_221' title='bbox 137 1905 197 1941; x_wconf 91' lang='lat' dir='ltr'>rem</span> <span class='ocrx_word' id='word_1_222' title='bbox 211 1887 367 1952; x_wconf 87' lang='lat' dir='ltr'>incurristi,</span> <span class='ocrx_word' id='word_1_223' title='bbox 381 1892 466 1956; x_wconf 87' lang='lat' dir='ltr'>atque</span> <span class='ocrx_word' id='word_1_224' title='bbox 480 1886 545 1940; x_wconf 91' lang='lat' dir='ltr'>ideo</span> <span class='ocrx_word' id='word_1_225' title='bbox 558 1905 649 1956; x_wconf 91' lang='lat' dir='ltr'>neque</span> <span class='ocrx_word' id='word_1_226' title='bbox 662 1889 728 1941; x_wconf 89' lang='lat' dir='ltr'>urbs</span> <span class='ocrx_word' id='word_1_227' title='bbox 741 1893 836 1941; x_wconf 90' lang='lat' dir='ltr'>tacere</span> <span class='ocrx_word' id='word_1_228' title='bbox 848 1894 953 1957; x_wconf 87' lang='lat' dir='ltr'>potest.</span> <span class='ocrx_word' id='word_1_229' title='bbox 972 1886 1061 1941; x_wconf 83' lang='lat' dir='ltr'>Aiunt</span> <span class='ocrx_word' id='word_1_230' title='bbox 1074 1887 1158 1954; x_wconf 89' lang='lat' dir='ltr'>enim,</span> <span class='ocrx_word' id='word_1_231' title='bbox 1172 1893 1201 1941; x_wconf 88' lang='lat' dir='ltr'>te</span> <span class='ocrx_word' id='word_1_232' title='bbox 1213 1905 1315 1941; x_wconf 89' lang='lat' dir='ltr'>novam</span> 
     </span>
     <span class='ocr_line' id='line_1_25' title="bbox 136 1953 1373 2025; baseline 0 -17"><span class='ocrx_word' id='word_1_233' title='bbox 136 1955 276 2008; x_wconf 91' lang='lat' dir='ltr'>inducere</span> <span class='ocrx_word' id='word_1_234' title='bbox 289 1954 467 2024; x_wconf 71' lang='lat' dir='ltr'>religionem,</span> <span class='ocrx_word' id='word_1_235' title='bbox 481 1959 510 2006; x_wconf 90' lang='lat' dir='ltr'>et</span> <span class='ocrx_word' id='word_1_236' title='bbox 524 1959 622 2010; x_wconf 89' lang='lat' dir='ltr'>contra</span> <span class='ocrx_word' id='word_1_237' title='bbox 636 1955 703 2008; x_wconf 92' lang='lat' dir='ltr'>deos</span> <span class='ocrx_word' id='word_1_238' title='bbox 716 1954 824 2024; x_wconf 89' lang='lat' dir='ltr'>patrios</span> <span class='ocrx_word' id='word_1_239' title='bbox 836 1955 1001 2024; x_wconf 90' lang='lat' dir='ltr'>praedicare</span> <span class='ocrx_word' id='word_1_240' title='bbox 1012 1955 1153 2025; x_wconf 84' lang='lat' dir='ltr'>quendam</span> <span class='ocrx_word' id='word_1_241' title='bbox 1164 1953 1313 2008; x_wconf 81' lang='lat' dir='ltr'>Christum.</span> <span class='ocrx_word' id='word_1_242' title='bbox 1369 1957 1373 1966; x_wconf 60' lang='lat'><strong><em>¹</em></strong></span> 
     </span>
     <span class='ocr_line' id='line_1_26' title="bbox 136 2021 1314 2093; baseline 0.001 -17"><span class='ocrx_word' id='word_1_243' title='bbox 136 2023 232 2086; x_wconf 85' lang='lat' dir='ltr'>Quare</span> <span class='ocrx_word' id='word_1_244' title='bbox 246 2027 374 2092; x_wconf 89' lang='lat' dir='ltr'>oportet,</span> <span class='ocrx_word' id='word_1_245' title='bbox 391 2026 421 2074; x_wconf 92' lang='lat' dir='ltr'>te</span> <span class='ocrx_word' id='word_1_246' title='bbox 441 2021 564 2075; x_wconf 89' lang='lat' dir='ltr'>abiicere</span> <span class='ocrx_word' id='word_1_247' title='bbox 583 2021 751 2092; x_wconf 87' lang='lat' dir='ltr'>superfluam</span> <span class='ocrx_word' id='word_1_248' title='bbox 769 2021 842 2076; x_wconf 88' lang='lat' dir='ltr'>haue</span> <span class='ocrx_word' id='word_1_249' title='bbox 855 2022 1100 2091; x_wconf 86' lang='lat' dir='ltr'>superstitionem,</span> <span class='ocrx_word' id='word_1_250' title='bbox 1115 2023 1239 2093; x_wconf 91' lang='lat' dir='ltr'>deosque</span> <span class='ocrx_word' id='word_1_251' title='bbox 1251 2029 1314 2077; x_wconf 87' lang='lat' dir='ltr'>tan-</span> 
     </span>
     <span class='ocr_line' id='line_1_27' title="bbox 135 2087 1312 2162; baseline 0.001 -19"><span class='ocrx_word' id='word_1_252' title='bbox 135 2097 198 2143; x_wconf 88' lang='lat' dir='ltr'>turn</span> <span class='ocrx_word' id='word_1_253' title='bbox 210 2089 334 2143; x_wconf 83' lang='lat' dir='ltr'>revereri</span> <span class='ocrx_word' id='word_1_254' title='bbox 348 2095 377 2141; x_wconf 90' lang='lat' dir='ltr'>et</span> <span class='ocrx_word' id='word_1_255' title='bbox 391 2088 492 2155; x_wconf 91' lang='lat' dir='ltr'>colere,</span> <span class='ocrx_word' id='word_1_256' title='bbox 507 2105 577 2158; x_wconf 90' lang='lat' dir='ltr'>quos</span> <span class='ocrx_word' id='word_1_257' title='bbox 590 2090 692 2144; x_wconf 86' lang='lat' dir='ltr'>civitas</span> <span class='ocrx_word' id='word_1_258' title='bbox 706 2090 787 2143; x_wconf 91' lang='lat' dir='ltr'>solet.</span> <span class='ocrx_word' id='word_1_259' title='bbox 811 2087 858 2142; x_wconf 92' lang='lat' dir='ltr'>Ad</span> <span class='ocrx_word' id='word_1_260' title='bbox 870 2089 940 2143; x_wconf 90' lang='lat' dir='ltr'>haec</span> <span class='ocrx_word' id='word_1_261' title='bbox 952 2090 1114 2159; x_wconf 87' lang='lat' dir='ltr'>patriarcha</span> <span class='ocrx_word' id='word_1_262' title='bbox 1127 2089 1197 2158; x_wconf 91' lang='lat' dir='ltr'>Oro,</span> <span class='ocrx_word' id='word_1_263' title='bbox 1211 2091 1312 2162; x_wconf 92' lang='lat' dir='ltr'>inquit,</span> 
     </span>
     <span class='ocr_line' id='line_1_28' title="bbox 136 2155 1314 2228; baseline 0.002 -18"><span class='ocrx_word' id='word_1_264' title='bbox 136 2165 219 2211; x_wconf 90' lang='lat' dir='ltr'>tuam</span> <span class='ocrx_word' id='word_1_265' title='bbox 233 2155 406 2228; x_wconf 86' lang='lat' dir='ltr'>gravitatem</span> <span class='ocrx_word' id='word_1_266' title='bbox 419 2161 448 2209; x_wconf 86' lang='lat' dir='ltr'>et</span> <span class='ocrx_word' id='word_1_267' title='bbox 465 2157 669 2223; x_wconf 88' lang='lat' dir='ltr'>constantiam,</span> <span class='ocrx_word' id='word_1_268' title='bbox 686 2163 718 2210; x_wconf 91' lang='lat' dir='ltr'>ut</span> <span class='ocrx_word' id='word_1_269' title='bbox 733 2156 803 2210; x_wconf 92' lang='lat' dir='ltr'>mihi</span> <span class='ocrx_word' id='word_1_270' title='bbox 821 2157 960 2211; x_wconf 88' lang='lat' dir='ltr'>concedas</span> <span class='ocrx_word' id='word_1_271' title='bbox 978 2158 1065 2212; x_wconf 87' lang='lat' dir='ltr'>verba</span> <span class='ocrx_word' id='word_1_272' title='bbox 1081 2157 1175 2212; x_wconf 88' lang='lat' dir='ltr'>facere</span> <span class='ocrx_word' id='word_1_273' title='bbox 1193 2176 1226 2212; x_wconf 88' lang='lat' dir='ltr'>ac</span> <span class='ocrx_word' id='word_1_274' title='bbox 1243 2159 1314 2213; x_wconf 91' lang='lat' dir='ltr'>meis</span> 
     </span>
     <span class='ocr_line' id='line_1_29' title="bbox 134 2223 1312 2347; baseline 0.001 -70"><span class='ocrx_word' id='word_1_275' title='bbox 134 2223 373 2345; x_wconf 58' lang='lat' dir='ltr'>qespplqsionibus</span> <span class='ocrx_word' id='word_1_276' title='bbox 391 2223 538 2290; x_wconf 87' lang='lat' dir='ltr'>attendas,</span> <span class='ocrx_word' id='word_1_277' title='bbox 551 2242 614 2344; x_wconf 70' lang='lat' dir='ltr'>pon</span> <span class='ocrx_word' id='word_1_278' title='bbox 631 2230 725 2347; x_wconf 51' lang='lat' dir='ltr'>aqtem</span> <span class='ocrx_word' id='word_1_279' title='bbox 743 2225 814 2304; x_wconf 81' lang='lat' dir='ltr'>adeo</span> <span class='ocrx_word' id='word_1_280' title='bbox 832 2225 942 2278; x_wconf 91' lang='lat' dir='ltr'>ratione</span> <span class='ocrx_word' id='word_1_281' title='bbox 958 2225 1128 2345; x_wconf 52' lang='lat' dir='ltr'>{lestpqutam</span> <span class='ocrx_word' id='word_1_282' title='bbox 1142 2225 1312 2344; x_wconf 66' lang='lat' dir='ltr'>sedittionerp</span> 
     </span>
    </p>

    <p class='ocr_par' dir='ltr' id='par_1_4' title="bbox 133 2307 1314 2834">
     <span class='ocr_line' id='line_1_30' title="bbox 245 2307 1312 2344; baseline 0 0"><span class='ocrx_word' id='word_1_283' title='bbox 245 2307 515 2344; x_wconf 86' lang='lat' dir='ltr'>usuevanosoous</span> <span class='ocrx_word' id='word_1_284' title='bbox 566 2307 630 2344; x_wconf 81' lang='lat' dir='ltr'>eris.</span> <span class='ocrx_word' id='word_1_285' title='bbox 712 2310 731 2344; x_wconf 92' lang='lat' dir='ltr'>u</span> <span class='ocrx_word' id='word_1_286' title='bbox 775 2310 834 2344; x_wconf 91' lang='lat' dir='ltr'>nrm</span> <span class='ocrx_word' id='word_1_287' title='bbox 880 2310 899 2344; x_wconf 94' lang='lat' dir='ltr'>u</span> <span class='ocrx_word' id='word_1_288' title='bbox 944 2310 993 2344; x_wconf 87' lang='lat' dir='ltr'>ss</span> <span class='ocrx_word' id='word_1_289' title='bbox 1032 2311 1067 2344; x_wconf 89' lang='grc' dir='ltr'>ιι</span> <span class='ocrx_word' id='word_1_290' title='bbox 1144 2311 1163 2344; x_wconf 91' lang='lat' dir='ltr'>n</span> <span class='ocrx_word' id='word_1_291' title='bbox 1270 2311 1312 2344; x_wconf 92' lang='lat' dir='ltr'>u-</span> 
     </span>
     <span class='ocr_line' id='line_1_31' title="bbox 134 2308 1313 2428; baseline 0 -16"><span class='ocrx_word' id='word_1_292' title='bbox 134 2311 230 2425; x_wconf 56' lang='lat' dir='ltr'>tillilrlrs,</span> <span class='ocrx_word' id='word_1_293' title='bbox 244 2308 431 2428; x_wconf 66' lang='lat' dir='ltr'>unicuipiam</span> <span class='ocrx_word' id='word_1_294' title='bbox 442 2309 619 2428; x_wconf 60' lang='lat' dir='ltr'>propdditum</span> <span class='ocrx_word' id='word_1_295' title='bbox 637 2308 835 2413; x_wconf 66' lang='lat' dir='ltr'>estedeesdlute</span> <span class='ocrx_word' id='word_1_296' title='bbox 844 2309 1313 2428; x_wconf 50' lang='grc' dir='ltr'>ἳξιοεοῗιιιείὲοιοιῖῃὲἰοιῗέἅὲῗοο</span> 
     </span>
     <span class='ocr_line' id='line_1_32' title="bbox 135 2425 1314 2496; baseline -0.001 -17"><span class='ocrx_word' id='word_1_297' title='bbox 135 2427 286 2480; x_wconf 89' lang='lat' dir='ltr'>disserere.</span> <span class='ocrx_word' id='word_1_298' title='bbox 323 2427 423 2495; x_wconf 88' lang='lat' dir='ltr'>ltaque</span> <span class='ocrx_word' id='word_1_299' title='bbox 439 2426 601 2496; x_wconf 87' lang='lat' dir='ltr'>praefectus</span> <span class='ocrx_word' id='word_1_300' title='bbox 620 2430 764 2495; x_wconf 88' lang='lat' dir='ltr'>comperta</span> <span class='ocrx_word' id='word_1_301' title='bbox 777 2443 811 2479; x_wconf 80' lang='lat' dir='ltr'>ex</span> <span class='ocrx_word' id='word_1_302' title='bbox 822 2425 884 2494; x_wconf 89' lang='lat' dir='ltr'>ipso</span> <span class='ocrx_word' id='word_1_303' title='bbox 902 2426 999 2478; x_wconf 89' lang='lat' dir='ltr'>statim</span> <span class='ocrx_word' id='word_1_304' title='bbox 1018 2425 1132 2480; x_wconf 88' lang='lat' dir='ltr'>exordio</span> <span class='ocrx_word' id='word_1_305' title='bbox 1152 2425 1314 2478; x_wconf 87' lang='lat' dir='ltr'>constantia</span> 
     </span>
     <span class='ocr_line' id='line_1_33' title="bbox 134 2491 1311 2562; baseline -0.003 -14"><span class='ocrx_word' id='word_1_306' title='bbox 134 2495 191 2548; x_wconf 81' lang='lat' dir='ltr'>viri</span> <span class='ocrx_word' id='word_1_307' title='bbox 204 2500 235 2547; x_wconf 87' lang='lat' dir='ltr'>et</span> <span class='ocrx_word' id='word_1_308' title='bbox 248 2493 432 2559; x_wconf 89' lang='lat' dir='ltr'>fortitudine,</span> <span class='ocrx_word' id='word_1_309' title='bbox 450 2493 557 2548; x_wconf 85' lang='lat' dir='ltr'>veritus</span> <span class='ocrx_word' id='word_1_310' title='bbox 578 2511 613 2547; x_wconf 92' lang='lat' dir='ltr'>ue</span> <span class='ocrx_word' id='word_1_311' title='bbox 625 2500 685 2546; x_wconf 92' lang='lat' dir='ltr'>tum</span> <span class='ocrx_word' id='word_1_312' title='bbox 698 2493 760 2562; x_wconf 88' lang='lat' dir='ltr'>ipse</span> <span class='ocrx_word' id='word_1_313' title='bbox 774 2491 882 2558; x_wconf 89' lang='lat' dir='ltr'>dicere,</span> <span class='ocrx_word' id='word_1_314' title='bbox 902 2497 962 2544; x_wconf 93' lang='lat' dir='ltr'>tum</span> <span class='ocrx_word' id='word_1_315' title='bbox 976 2494 1053 2546; x_wconf 87' lang='lat' dir='ltr'>stab</span> <span class='ocrx_word' id='word_1_316' title='bbox 1069 2509 1102 2545; x_wconf 89' lang='lat' dir='ltr'>eo</span> <span class='ocrx_word' id='word_1_317' title='bbox 1115 2491 1213 2546; x_wconf 90' lang='lat' dir='ltr'>audire</span> <span class='ocrx_word' id='word_1_318' title='bbox 1226 2497 1256 2546; x_wconf 89' lang='lat' dir='ltr'>at</span> <span class='ocrx_word' id='word_1_319' title='bbox 1276 2509 1311 2545; x_wconf 92' lang='lat' dir='ltr'>ue</span> 
     </span>
     <span class='ocr_line' id='line_1_34' title="bbox 133 2509 1312 2629; baseline -0.003 -13"><span class='ocrx_word' id='word_1_320' title='bbox 133 2561 360 2616; x_wconf 91' lang='lat' dir='ltr'>collocutionem</span> <span class='ocrx_word' id='word_1_321' title='bbox 373 2561 565 2616; x_wconf 88' lang='lat' dir='ltr'>detrectansa</span> <span class='ocrx_word' id='word_1_322' title='bbox 598 2560 752 2614; x_wconf 86' lang='lat' dir='ltr'>Traianum</span> <span class='ocrx_word' id='word_1_323' title='bbox 764 2559 966 2629; x_wconf 87' lang='lat' dir='ltr'>Imperatorem</span> <span class='ocrx_word' id='word_1_324' title='bbox 979 2560 1013 2613; x_wconf 92' lang='lat' dir='ltr'>de</span> <span class='ocrx_word' id='word_1_325' title='bbox 1027 2557 1183 2613; x_wconf 88' lang='lat' dir='ltr'>illorefert.</span> <span class='ocrx_word' id='word_1_326' title='bbox 1207 2509 1275 2612; x_wconf 72' lang='lat' dir='ltr'>Eri</span> <span class='ocrx_word' id='word_1_327' title='bbox 1302 2590 1312 2599; x_wconf 93' lang='lat'><em>-</em></span> 
     </span>
     <span class='ocr_line' id='line_1_35' title="bbox 133 2626 1313 2708; baseline -0.004 -26"><span class='ocrx_word' id='word_1_328' title='bbox 133 2635 252 2699; x_wconf 89' lang='lat' dir='ltr'>perator</span> <span class='ocrx_word' id='word_1_329' title='bbox 263 2629 302 2682; x_wconf 85' lang='lat' dir='ltr'>ad</span> <span class='ocrx_word' id='word_1_330' title='bbox 312 2629 398 2680; x_wconf 91' lang='lat' dir='ltr'>istum</span> <span class='ocrx_word' id='word_1_331' title='bbox 410 2628 523 2681; x_wconf 90' lang='lat' dir='ltr'>modum</span> <span class='ocrx_word' id='word_1_332' title='bbox 537 2630 563 2682; x_wconf 92' lang='lat' dir='ltr'>ei</span> <span class='ocrx_word' id='word_1_333' title='bbox 595 2646 648 2682; x_wconf 87' lang='lat' dir='ltr'>uae</span> <span class='ocrx_word' id='word_1_334' title='bbox 663 2628 769 2708; x_wconf 84' lang='lat' dir='ltr'>scripta</span> <span class='ocrx_word' id='word_1_335' title='bbox 782 2631 862 2680; x_wconf 89' lang='lat' dir='ltr'>erant</span> <span class='ocrx_word' id='word_1_336' title='bbox 875 2626 991 2692; x_wconf 89' lang='lat' dir='ltr'>dirimit,</span> <span class='ocrx_word' id='word_1_337' title='bbox 1005 2632 1036 2679; x_wconf 87' lang='lat' dir='ltr'>ut</span> <span class='ocrx_word' id='word_1_338' title='bbox 1049 2626 1181 2680; x_wconf 82' lang='lat' dir='ltr'>Clemens</span> <span class='ocrx_word' id='word_1_339' title='bbox 1195 2632 1244 2680; x_wconf 90' lang='lat' dir='ltr'>aut</span> <span class='ocrx_word' id='word_1_340' title='bbox 1257 2627 1313 2678; x_wconf 91' lang='lat' dir='ltr'>diis</span> 
     </span>
     <span class='ocr_line' id='line_1_36' title="bbox 134 2646 1312 2767; baseline -0.003 -17"><span class='ocrx_word' id='word_1_341' title='bbox 134 2697 243 2767; x_wconf 88' lang='lat' dir='ltr'>patriis</span> <span class='ocrx_word' id='word_1_342' title='bbox 261 2694 404 2748; x_wconf 88' lang='lat' dir='ltr'>sacrificet</span> <span class='ocrx_word' id='word_1_343' title='bbox 421 2701 470 2748; x_wconf 90' lang='lat' dir='ltr'>aut</span> <span class='ocrx_word' id='word_1_344' title='bbox 487 2701 565 2750; x_wconf 90' lang='lat' dir='ltr'>trans</span> <span class='ocrx_word' id='word_1_345' title='bbox 577 2646 700 2750; x_wconf 58' lang='lat' dir='ltr'>i&#39;ontum</span> <span class='ocrx_word' id='word_1_346' title='bbox 717 2714 747 2748; x_wconf 90' lang='lat' dir='ltr'>m</span> <span class='ocrx_word' id='word_1_347' title='bbox 765 2695 906 2748; x_wconf 88' lang='lat' dir='ltr'>desertum</span> <span class='ocrx_word' id='word_1_348' title='bbox 923 2694 1040 2763; x_wconf 89' lang='lat' dir='ltr'>aliquod</span> <span class='ocrx_word' id='word_1_349' title='bbox 1056 2693 1190 2764; x_wconf 89' lang='lat' dir='ltr'>oppidum</span> <span class='ocrx_word' id='word_1_350' title='bbox 1208 2711 1312 2759; x_wconf 88' lang='lat' dir='ltr'>eorum,</span> 
     </span>
     <span class='ocr_line' id='line_1_37' title="bbox 135 2762 1058 2834; baseline -0.003 -18"><span class='ocrx_word' id='word_1_351' title='bbox 135 2781 214 2833; x_wconf 85' lang='lat' dir='ltr'>quae</span> <span class='ocrx_word' id='word_1_352' title='bbox 229 2762 368 2816; x_wconf 90' lang='lat' dir='ltr'>Chersoni</span> <span class='ocrx_word' id='word_1_353' title='bbox 381 2762 523 2830; x_wconf 87' lang='lat' dir='ltr'>adiacent,</span> <span class='ocrx_word' id='word_1_354' title='bbox 536 2763 627 2818; x_wconf 89' lang='lat' dir='ltr'>Roma</span> <span class='ocrx_word' id='word_1_355' title='bbox 637 2769 775 2834; x_wconf 88' lang='lat' dir='ltr'>perpetuo</span> <span class='ocrx_word' id='word_1_356' title='bbox 788 2762 888 2816; x_wconf 89' lang='lat' dir='ltr'>exsilio</span> <span class='ocrx_word' id='word_1_357' title='bbox 902 2762 1058 2833; x_wconf 87' lang='lat' dir='ltr'>ablegetur.</span> 
     </span>
    </p>
   </div>
   <div class='ocr_carea' id='block_1_4' title="bbox 133 2861 1312 3273">
    <p class='ocr_par' dir='ltr' id='par_1_5' title="bbox 133 2861 1312 3273">
     <span class='ocr_line' id='line_1_38' title="bbox 206 2861 1312 2934; baseline 0.002 -18"><span class='ocrx_word' id='word_1_358' title='bbox 206 2862 314 2918; x_wconf 90' lang='lat' dir='ltr'>CLXV</span> <span class='ocrx_word' id='word_1_359' title='bbox 315 2863 353 2917; x_wconf 80' lang='grc' dir='ltr'>ΙΙ,</span> <span class='ocrx_word' id='word_1_360' title='bbox 388 2862 450 2918; x_wconf 90' lang='lat' dir='ltr'>Hac</span> <span class='ocrx_word' id='word_1_361' title='bbox 463 2864 560 2933; x_wconf 90' lang='lat' dir='ltr'>itaque</span> <span class='ocrx_word' id='word_1_362' title='bbox 574 2864 718 2918; x_wconf 87' lang='lat' dir='ltr'>sententia</span> <span class='ocrx_word' id='word_1_363' title='bbox 735 2868 855 2934; x_wconf 86' lang='lat' dir='ltr'>accepta</span> <span class='ocrx_word' id='word_1_364' title='bbox 873 2863 1021 2934; x_wconf 87' lang='lat' dir='ltr'>cogitabat</span> <span class='ocrx_word' id='word_1_365' title='bbox 1037 2861 1238 2930; x_wconf 69' lang='lat' dir='ltr'>Mamertinus,</span> <span class='ocrx_word' id='word_1_366' title='bbox 1257 2881 1312 2934; x_wconf 89' lang='lat' dir='ltr'>quo</span> 
     </span>
     <span class='ocr_line' id='line_1_39' title="bbox 136 2930 1312 3002; baseline 0.002 -19"><span class='ocrx_word' id='word_1_367' title='bbox 136 2931 225 2984; x_wconf 92' lang='lat' dir='ltr'>modo</span> <span class='ocrx_word' id='word_1_368' title='bbox 240 2930 371 2984; x_wconf 90' lang='lat' dir='ltr'>Clemens</span> <span class='ocrx_word' id='word_1_369' title='bbox 382 2948 439 2984; x_wconf 92' lang='lat' dir='ltr'>uon</span> <span class='ocrx_word' id='word_1_370' title='bbox 451 2931 572 3002; x_wconf 89' lang='lat' dir='ltr'>eligeret</span> <span class='ocrx_word' id='word_1_371' title='bbox 585 2931 725 2998; x_wconf 88' lang='lat' dir='ltr'>exsilium,</span> <span class='ocrx_word' id='word_1_372' title='bbox 740 2932 790 2986; x_wconf 90' lang='lat' dir='ltr'>sed</span> <span class='ocrx_word' id='word_1_373' title='bbox 802 2931 897 3001; x_wconf 88' lang='lat' dir='ltr'>potius</span> <span class='ocrx_word' id='word_1_374' title='bbox 907 2937 1019 3002; x_wconf 85' lang='lat' dir='ltr'>pareret</span> <span class='ocrx_word' id='word_1_375' title='bbox 1030 2931 1087 3002; x_wconf 89' lang='lat' dir='ltr'>ipsi</span> <span class='ocrx_word' id='word_1_376' title='bbox 1099 2949 1133 2986; x_wconf 91' lang='lat' dir='ltr'>ac</span> <span class='ocrx_word' id='word_1_377' title='bbox 1145 2931 1312 3002; x_wconf 90' lang='lat' dir='ltr'>Imperatori</span> 
     </span>
     <span class='ocr_line' id='line_1_40' title="bbox 133 2998 1311 3069; baseline 0.002 -17"><span class='ocrx_word' id='word_1_378' title='bbox 133 3005 225 3067; x_wconf 87' lang='lat' dir='ltr'>atque</span> <span class='ocrx_word' id='word_1_379' title='bbox 244 2999 411 3052; x_wconf 89' lang='lat' dir='ltr'>immolaret.</span> <span class='ocrx_word' id='word_1_380' title='bbox 447 2998 600 3053; x_wconf 82' lang='lat' dir='ltr'>Non&#39;enim</span> <span class='ocrx_word' id='word_1_381' title='bbox 614 2999 775 3053; x_wconf 88' lang='lat' dir='ltr'>sustinebat</span> <span class='ocrx_word' id='word_1_382' title='bbox 791 2999 895 3069; x_wconf 87' lang='lat' dir='ltr'>privari</span> <span class='ocrx_word' id='word_1_383' title='bbox 911 3004 993 3053; x_wconf 89' lang='lat' dir='ltr'>tanta</span> <span class='ocrx_word' id='word_1_384' title='bbox 1011 2999 1064 3053; x_wconf 88' lang='lat' dir='ltr'>viri</span> <span class='ocrx_word' id='word_1_385' title='bbox 1076 3000 1190 3054; x_wconf 89' lang='lat' dir='ltr'>virtute.</span> <span class='ocrx_word' id='word_1_386' title='bbox 1225 3001 1311 3054; x_wconf 89' lang='lat' dir='ltr'>Porro</span> 
     </span>
     <span class='ocr_line' id='line_1_41' title="bbox 134 3065 1310 3150; baseline 0.002 -32"><span class='ocrx_word' id='word_1_387' title='bbox 134 3065 282 3143; x_wconf 81' lang='lat' dir='ltr'>Clementi</span> <span class='ocrx_word' id='word_1_388' title='bbox 295 3067 366 3119; x_wconf 92' lang='lat' dir='ltr'>adeo</span> <span class='ocrx_word' id='word_1_389' title='bbox 378 3083 461 3119; x_wconf 89' lang='lat' dir='ltr'>curae</span> <span class='ocrx_word' id='word_1_390' title='bbox 471 3065 527 3120; x_wconf 90' lang='lat' dir='ltr'>fuit</span> <span class='ocrx_word' id='word_1_391' title='bbox 537 3067 731 3136; x_wconf 88' lang='lat' dir='ltr'>obtemperare</span> <span class='ocrx_word' id='word_1_392' title='bbox 742 3067 811 3132; x_wconf 90' lang='lat' dir='ltr'>illis,</span> <span class='ocrx_word' id='word_1_393' title='bbox 824 3072 873 3120; x_wconf 88' lang='lat' dir='ltr'>aut</span> <span class='ocrx_word' id='word_1_394' title='bbox 882 3068 1002 3121; x_wconf 89' lang='lat' dir='ltr'>moleste</span> <span class='ocrx_word' id='word_1_395' title='bbox 1012 3067 1085 3122; x_wconf 90' lang='lat' dir='ltr'>ferre</span> <span class='ocrx_word' id='word_1_396' title='bbox 1095 3067 1310 3150; x_wconf 86' lang='lat' dir='ltr'>relegationem,</span> 
     </span>
     <span class='ocr_line' id='line_1_42' title="bbox 133 3132 1311 3254; baseline 0.003 -69"><span class='ocrx_word' id='word_1_397' title='bbox 133 3139 170 3185; x_wconf 91' lang='lat' dir='ltr'>ut</span> <span class='ocrx_word' id='word_1_398' title='bbox 189 3139 276 3186; x_wconf 79' lang='lat' dir='ltr'>etlam</span> <span class='ocrx_word' id='word_1_399' title='bbox 289 3132 326 3186; x_wconf 90' lang='lat' dir='ltr'>ad</span> <span class='ocrx_word' id='word_1_400' title='bbox 336 3133 474 3202; x_wconf 91' lang='lat' dir='ltr'>pietatem</span> <span class='ocrx_word' id='word_1_401' title='bbox 485 3133 662 3204; x_wconf 86' lang='lat' dir='ltr'>praefectum</span> <span class='ocrx_word' id='word_1_402' title='bbox 677 3133 819 3188; x_wconf 87' lang='lat' dir='ltr'>attrahere</span> <span class='ocrx_word' id='word_1_403' title='bbox 832 3134 979 3188; x_wconf 89' lang='lat' dir='ltr'>niteretur.</span> <span class='ocrx_word' id='word_1_404' title='bbox 1015 3135 1110 3190; x_wconf 87' lang='lat' dir='ltr'>Tanta</span> <span class='ocrx_word' id='word_1_405' title='bbox 1123 3152 1226 3254; x_wconf 82' lang='lat' dir='ltr'>quippe</span> <span class='ocrx_word' id='word_1_406' title='bbox 1241 3135 1311 3188; x_wconf 89' lang='lat' dir='ltr'>divi-</span> 
     </span>
     <span class='ocr_line' id='line_1_43' title="bbox 135 3199 1310 3273; baseline 0.003 -20"><span class='ocrx_word' id='word_1_407' title='bbox 135 3200 218 3253; x_wconf 91' lang='lat' dir='ltr'>nitus</span> <span class='ocrx_word' id='word_1_408' title='bbox 238 3199 416 3254; x_wconf 88' lang='lat' dir='ltr'>Clementem</span> <span class='ocrx_word' id='word_1_409' title='bbox 437 3201 531 3271; x_wconf 86' lang='lat' dir='ltr'>gratia</span> <span class='ocrx_word' id='word_1_410' title='bbox 549 3201 744 3254; x_wconf 88' lang='lat' dir='ltr'>circumdabat</span> <span class='ocrx_word' id='word_1_411' title='bbox 762 3201 858 3268; x_wconf 90' lang='lat' dir='ltr'>sicque</span> <span class='ocrx_word' id='word_1_412' title='bbox 880 3201 958 3254; x_wconf 88' lang='lat' dir='ltr'>illius</span> <span class='ocrx_word' id='word_1_413' title='bbox 976 3202 1076 3273; x_wconf 87' lang='lat' dir='ltr'>lingua</span> <span class='ocrx_word' id='word_1_414' title='bbox 1094 3204 1169 3256; x_wconf 91' lang='lat' dir='ltr'>omni</span> <span class='ocrx_word' id='word_1_415' title='bbox 1203 3219 1255 3255; x_wconf 87' lang='lat' dir='ltr'>avo</span> <span class='ocrx_word' id='word_1_416' title='bbox 1277 3220 1310 3256; x_wconf 90' lang='lat' dir='ltr'>ac</span> 
     </span>
    </p>
   </div>
   <div class='ocr_carea' id='block_1_5' title="bbox 134 3266 1411 3348">
    <p class='ocr_par' dir='ltr' id='par_1_6' title="bbox 134 3266 1411 3348">
     <span class='ocr_line' id='line_1_44' title="bbox 134 3266 1411 3348; baseline 0.001 -29"><span class='ocrx_word' id='word_1_417' title='bbox 134 3267 224 3320; x_wconf 87' lang='lat' dir='ltr'>melle</span> <span class='ocrx_word' id='word_1_418' title='bbox 244 3266 356 3320; x_wconf 90' lang='lat' dir='ltr'>dulcius</span> <span class='ocrx_word' id='word_1_419' title='bbox 376 3267 522 3334; x_wconf 90' lang='lat' dir='ltr'>stillabat,</span> <span class='ocrx_word' id='word_1_420' title='bbox 539 3274 572 3321; x_wconf 90' lang='lat' dir='ltr'>ut</span> <span class='ocrx_word' id='word_1_421' title='bbox 584 3269 645 3348; x_wconf 78' lang='lat' dir='ltr'>ipse</span> <span class='ocrx_word' id='word_1_422' title='bbox 659 3284 769 3338; x_wconf 92' lang='lat' dir='ltr'>quoque</span> <span class='ocrx_word' id='word_1_423' title='bbox 782 3267 836 3319; x_wconf 89' lang='lat' dir='ltr'>viri</span> <span class='ocrx_word' id='word_1_424' title='bbox 851 3267 961 3321; x_wconf 87' lang='lat' dir='ltr'>fervido</span> <span class='ocrx_word' id='word_1_425' title='bbox 973 3286 1066 3322; x_wconf 90' lang='lat' dir='ltr'>amore</span> <span class='ocrx_word' id='word_1_426' title='bbox 1080 3274 1179 3337; x_wconf 87' lang='lat' dir='ltr'>captus</span> <span class='ocrx_word' id='word_1_427' title='bbox 1192 3267 1310 3322; x_wconf 89' lang='lat' dir='ltr'>Mamer·</span> <span class='ocrx_word' id='word_1_428' title='bbox 1408 3308 1411 3313; x_wconf 83' lang='lat'><em>.</em></span> 
     </span>
    </p>
   </div>
   <div class='ocr_carea' id='block_1_6' title="bbox 132 3333 1384 3542">
    <p class='ocr_par' dir='ltr' id='par_1_7' title="bbox 132 3333 1384 3542">
     <span class='ocr_line' id='line_1_45' title="bbox 132 3333 1384 3406; baseline 0.001 -19"><span class='ocrx_word' id='word_1_429' title='bbox 132 3335 215 3387; x_wconf 90' lang='lat' dir='ltr'>tinus</span> <span class='ocrx_word' id='word_1_430' title='bbox 224 3335 375 3404; x_wconf 90' lang='lat' dir='ltr'>plurimum</span> <span class='ocrx_word' id='word_1_431' title='bbox 382 3352 417 3389; x_wconf 84' lang='lat' dir='ltr'>ex</span> <span class='ocrx_word' id='word_1_432' title='bbox 426 3335 487 3388; x_wconf 90' lang='lat' dir='ltr'>eins</span> <span class='ocrx_word' id='word_1_433' title='bbox 496 3336 625 3389; x_wconf 87' lang='lat' dir='ltr'>discessu</span> <span class='ocrx_word' id='word_1_434' title='bbox 636 3334 806 3406; x_wconf 79' lang='lat' dir='ltr'>ingemuerit</span> <span class='ocrx_word' id='word_1_435' title='bbox 815 3333 946 3388; x_wconf 88' lang='lat' dir='ltr'>lacrimas</span> <span class='ocrx_word' id='word_1_436' title='bbox 966 3352 1002 3387; x_wconf 90' lang='lat' dir='ltr'>ue</span> <span class='ocrx_word' id='word_1_437' title='bbox 1013 3335 1123 3388; x_wconf 87' lang='lat' dir='ltr'>dederit</span> <span class='ocrx_word' id='word_1_438' title='bbox 1132 3334 1310 3402; x_wconf 87' lang='lat' dir='ltr'>patriarchae</span> <span class='ocrx_word' id='word_1_439' title='bbox 1378 3345 1384 3356; x_wconf 90' lang='grc'><strong>”</strong></span> 
     </span>
     <span class='ocr_line' id='line_1_46' title="bbox 134 3351 1310 3472; baseline 0 -18"><span class='ocrx_word' id='word_1_440' title='bbox 134 3401 251 3455; x_wconf 86' lang='lat' dir='ltr'>dicens:</span> <span class='ocrx_word' id='word_1_441' title='bbox 273 3401 367 3468; x_wconf 90' lang='lat' dir='ltr'>Deus,</span> <span class='ocrx_word' id='word_1_442' title='bbox 381 3419 464 3472; x_wconf 91' lang='lat' dir='ltr'>quem</span> <span class='ocrx_word' id='word_1_443' title='bbox 476 3407 508 3456; x_wconf 92' lang='lat' dir='ltr'>tu</span> <span class='ocrx_word' id='word_1_444' title='bbox 521 3403 630 3457; x_wconf 91' lang='lat' dir='ltr'>sincere</span> <span class='ocrx_word' id='word_1_445' title='bbox 644 3403 729 3469; x_wconf 89' lang='lat' dir='ltr'>colis,</span> <span class='ocrx_word' id='word_1_446' title='bbox 743 3401 804 3472; x_wconf 88' lang='lat' dir='ltr'>ipse</span> <span class='ocrx_word' id='word_1_447' title='bbox 816 3398 872 3454; x_wconf 90' lang='lat' dir='ltr'>tibi</span> <span class='ocrx_word' id='word_1_448' title='bbox 883 3351 1035 3454; x_wconf 71' lang='lat' dir='ltr'>auxiliator</span> <span class='ocrx_word' id='word_1_449' title='bbox 1047 3401 1077 3454; x_wconf 93' lang='lat' dir='ltr'>in</span> <span class='ocrx_word' id='word_1_450' title='bbox 1089 3401 1253 3454; x_wconf 87' lang='lat' dir='ltr'>calamitate</span> <span class='ocrx_word' id='word_1_451' title='bbox 1266 3418 1310 3454; x_wconf 91' lang='lat' dir='ltr'>as·</span> 
     </span>
     <span class='ocr_line' id='line_1_47' title="bbox 134 3466 1309 3542; baseline 0.001 -21"><span class='ocrx_word' id='word_1_452' title='bbox 134 3469 237 3537; x_wconf 71' lang='lat' dir='ltr'>sistat,</span> <span class='ocrx_word' id='word_1_453' title='bbox 257 3469 410 3540; x_wconf 88' lang='lat' dir='ltr'>statimque</span> <span class='ocrx_word' id='word_1_454' title='bbox 423 3470 570 3542; x_wconf 86' lang='lat' dir='ltr'>navigium</span> <span class='ocrx_word' id='word_1_455' title='bbox 585 3469 728 3542; x_wconf 88' lang='lat' dir='ltr'>paraverit</span> <span class='ocrx_word' id='word_1_456' title='bbox 740 3467 882 3540; x_wconf 88' lang='lat' dir='ltr'>impositis</span> <span class='ocrx_word' id='word_1_457' title='bbox 900 3467 941 3534; x_wconf 92' lang='lat' dir='ltr'>ei,</span> <span class='ocrx_word' id='word_1_458' title='bbox 958 3485 1030 3538; x_wconf 89' lang='lat' dir='ltr'>quae</span> <span class='ocrx_word' id='word_1_459' title='bbox 1042 3467 1079 3522; x_wconf 92' lang='lat' dir='ltr'>ad</span> <span class='ocrx_word' id='word_1_460' title='bbox 1090 3485 1172 3522; x_wconf 90' lang='lat' dir='ltr'>usum</span> <span class='ocrx_word' id='word_1_461' title='bbox 1186 3466 1309 3522; x_wconf 87' lang='lat' dir='ltr'>sufficie·</span> 
     </span>
    </p>
   </div>
   <div class='ocr_carea' id='block_1_7' title="bbox 132 3722 1309 4330">
    <p class='ocr_par' dir='ltr' id='par_1_8' title="bbox 134 3722 1309 3860">
     <span class='ocr_line' id='line_1_48' title="bbox 188 3722 1309 3840; baseline 0.001 -66"><span class='ocrx_word' id='word_1_462' title='bbox 188 3725 249 3840; x_wconf 62' lang='lat' dir='ltr'>Cap.</span> <span class='ocrx_word' id='word_1_463' title='bbox 272 3725 374 3778; x_wconf 87' lang='lat' dir='ltr'>CLXV.</span> <span class='ocrx_word' id='word_1_464' title='bbox 405 3722 433 3794; x_wconf 87' lang='lat'>1)</span> <span class='ocrx_word' id='word_1_465' title='bbox 452 3724 607 3796; x_wconf 71' lang='grc' dir='ltr'>ἐπάγουσιν</span> <span class='ocrx_word' id='word_1_466' title='bbox 619 3729 667 3778; x_wconf 90' lang='lat' dir='ltr'>fnit</span> <span class='ocrx_word' id='word_1_467' title='bbox 679 3729 705 3778; x_wconf 90' lang='lat' dir='ltr'>in</span> <span class='ocrx_word' id='word_1_468' title='bbox 748 3729 813 3778; x_wconf 87' lang='lat' dir='ltr'>BCD</span> <span class='ocrx_word' id='word_1_469' title='bbox 826 3743 849 3779; x_wconf 89' lang='lat' dir='ltr'>c.</span> <span class='ocrx_word' id='word_1_470' title='bbox 862 3728 899 3778; x_wconf 89' lang='lat' dir='ltr'>ed.</span> <span class='ocrx_word' id='word_1_471' title='bbox 918 3727 1007 3794; x_wconf 79' lang='lat' dir='ltr'>princ,</span> <span class='ocrx_word' id='word_1_472' title='bbox 1023 3723 1237 3798; x_wconf 77' lang='grc' dir='ltr'>ἆπεριθμοῦνιο</span> <span class='ocrx_word' id='word_1_473' title='bbox 1255 3728 1309 3778; x_wconf 89' lang='lat' dir='ltr'>Cot.</span> 
     </span>
     <span class='ocr_line' id='line_1_49' title="bbox 134 3788 814 3860; baseline 0.006 -18"><span class='ocrx_word' id='word_1_474' title='bbox 134 3791 163 3842; x_wconf 89' lang='lat' dir='ltr'>C.</span> <span class='ocrx_word' id='word_1_475' title='bbox 176 3819 211 3826; x_wconf 99' lang='lat'><em>-</em></span> <span class='ocrx_word' id='word_1_476' title='bbox 245 3788 339 3852; x_wconf 78' lang='grc' dir='ltr'>)θ·εὸν</span> <span class='ocrx_word' id='word_1_477' title='bbox 351 3795 383 3843; x_wconf 85' lang='lat' dir='ltr'>al.</span> <span class='ocrx_word' id='word_1_478' title='bbox 397 3810 436 3860; x_wconf 88' lang='lat' dir='ltr'>ap.</span> <span class='ocrx_word' id='word_1_479' title='bbox 451 3796 518 3858; x_wconf 71' lang='lat' dir='ltr'>Cot,</span> <span class='ocrx_word' id='word_1_480' title='bbox 539 3797 606 3846; x_wconf 89' lang='lat' dir='ltr'>idem</span> <span class='ocrx_word' id='word_1_481' title='bbox 619 3797 667 3845; x_wconf 90' lang='lat' dir='ltr'>fuit</span> <span class='ocrx_word' id='word_1_482' title='bbox 679 3797 706 3845; x_wconf 90' lang='lat' dir='ltr'>in</span> <span class='ocrx_word' id='word_1_483' title='bbox 749 3797 814 3846; x_wconf 86' lang='lat' dir='ltr'>Cler.</span> 
     </span>
    </p>

    <p class='ocr_par' dir='ltr' id='par_1_9' title="bbox 132 3858 705 3928">
     <span class='ocr_line' id='line_1_50' title="bbox 132 3858 705 3928; baseline 0.005 -21"><span class='ocrx_word' id='word_1_484' title='bbox 132 3861 164 3907; x_wconf 89' lang='lat' dir='ltr'>B.</span> <span class='ocrx_word' id='word_1_485' title='bbox 181 3885 217 3893; x_wconf 86' lang='lat'>-—</span> <span class='ocrx_word' id='word_1_486' title='bbox 239 3858 264 3916; x_wconf 74' lang='grc'>31</span> <span class='ocrx_word' id='word_1_487' title='bbox 289 3861 413 3910; x_wconf 84' lang='lat' dir='ltr'>Similiter</span> <span class='ocrx_word' id='word_1_488' title='bbox 433 3863 499 3928; x_wconf 89' lang='lat' dir='ltr'>apud</span> <span class='ocrx_word' id='word_1_489' title='bbox 520 3863 705 3924; x_wconf 85' lang='lat' dir='ltr'>Theodoritum,</span> 
     </span>
    </p>

    <p class='ocr_par' dir='ltr' id='par_1_10' title="bbox 134 3923 1309 4124">
     <span class='ocr_line' id='line_1_51' title="bbox 134 3923 1309 4008; baseline -0.01 -34"><span class='ocrx_word' id='word_1_490' title='bbox 134 3927 256 4005; x_wconf 70' lang='lat' dir='ltr'>Sermone</span> <span class='ocrx_word' id='word_1_491' title='bbox 274 3927 312 4008; x_wconf 49' lang='lat' dir='ltr'>da,</span> <span class='ocrx_word' id='word_1_492' title='bbox 322 3929 488 3993; x_wconf 85' lang='lat' dir='ltr'>Martyribus:</span> <span class='ocrx_word' id='word_1_493' title='bbox 504 3926 637 4008; x_wconf 55' lang='grc' dir='ltr'>Ἡρακλξιι</span> <span class='ocrx_word' id='word_1_494' title='bbox 650 3941 705 3980; x_wconf 85' lang='grc' dir='ltr'>σω·</span> <span class='ocrx_word' id='word_1_495' title='bbox 800 3931 860 3995; x_wconf 88' lang='lat' dir='ltr'>Cap.</span> <span class='ocrx_word' id='word_1_496' title='bbox 875 3929 988 4006; x_wconf 61' lang='lat' dir='ltr'>CbXVI.</span> <span class='ocrx_word' id='word_1_497' title='bbox 1008 3927 1031 3988; x_wconf 91' lang='grc'>1)</span> <span class='ocrx_word' id='word_1_498' title='bbox 1042 3923 1309 3995; x_wconf 79' lang='grc' dir='ltr'>κηρύττεινΒΟΙ),..</span> 
     </span>
     <span class='ocr_line' id='line_1_52' title="bbox 136 3993 950 4124; baseline 0.004 -16"><span class='ocrx_word' id='word_1_499' title='bbox 136 3994 282 4124; x_wconf 48' lang='lat' dir='ltr'>‘oid-²⁹4²)</span> <span class='ocrx_word' id='word_1_500' title='bbox 296 3995 703 4120; x_wconf 65' lang='lat' dir='ltr'>tfft‘tt⁷&#39;t⁶lt⁰ttltt</span> <span class='ocrx_word' id='word_1_501' title='bbox 749 3993 776 4064; x_wconf 63' lang='lat'>²)</span> <span class='ocrx_word' id='word_1_502' title='bbox 790 3997 950 4048; x_wconf 70' lang='lat'>⁶⁸“⁰&#39;⁰”⁰&#39;</span> 
     </span>
    </p>

    <p class='ocr_par' dir='ltr' id='par_1_11' title="bbox 132 4079 1308 4330">
     <span class='ocr_line' id='line_1_53' title="bbox 133 4079 1307 4198; baseline 0.001 -23"><span class='ocrx_word' id='word_1_503' title='bbox 133 4127 166 4175; x_wconf 91' lang='lat' dir='ltr'>D.</span> <span class='ocrx_word' id='word_1_504' title='bbox 184 4153 217 4160; x_wconf 99' lang='lat'>—</span> <span class='ocrx_word' id='word_1_505' title='bbox 235 4121 264 4190; x_wconf 73' lang='grc' dir='ltr'>ὃ)</span> <span class='ocrx_word' id='word_1_506' title='bbox 276 4079 441 4196; x_wconf 63' lang='grc' dir='ltr'>ἒλευθέρουρς</span> <span class='ocrx_word' id='word_1_507' title='bbox 460 4079 532 4198; x_wconf 49' lang='lat' dir='ltr'>ridde</span> <span class='ocrx_word' id='word_1_508' title='bbox 546 4083 599 4180; x_wconf 65' lang='lat' dir='ltr'>ito</span> <span class='ocrx_word' id='word_1_509' title='bbox 612 4128 705 4198; x_wconf 79' lang='grc' dir='ltr'>δῆμον</span> <span class='ocrx_word' id='word_1_510' title='bbox 799 4131 858 4196; x_wconf 89' lang='lat' dir='ltr'>Cap.</span> <span class='ocrx_word' id='word_1_511' title='bbox 883 4128 1010 4179; x_wconf 82' lang='lat' dir='ltr'>chvu.</span> <span class='ocrx_word' id='word_1_512' title='bbox 1047 4123 1073 4193; x_wconf 83' lang='grc'>1)</span> <span class='ocrx_word' id='word_1_513' title='bbox 1098 4125 1247 4194; x_wconf 72' lang='grc' dir='ltr'><strong><em>ἐμέλλησεν</em></strong></span> <span class='ocrx_word' id='word_1_514' title='bbox 1275 4126 1307 4176; x_wconf 90' lang='lat' dir='ltr'>al.</span> 
     </span>
     <span class='ocr_line' id='line_1_54' title="bbox 132 4189 1308 4264; baseline -0.001 -21"><span class='ocrx_word' id='word_1_515' title='bbox 132 4199 230 4258; x_wconf 83' lang='lat' dir='ltr'>transp.</span> <span class='ocrx_word' id='word_1_516' title='bbox 243 4193 271 4242; x_wconf 79' lang='grc' dir='ltr'>Ο.</span> <span class='ocrx_word' id='word_1_517' title='bbox 292 4221 326 4229; x_wconf 91' lang='lat'><em>-</em></span> <span class='ocrx_word' id='word_1_518' title='bbox 343 4191 369 4258; x_wconf 89' lang='grc'>6)</span> <span class='ocrx_word' id='word_1_519' title='bbox 383 4192 472 4246; x_wconf 82' lang='grc' dir='ltr'>αὐτοῦ</span> <span class='ocrx_word' id='word_1_520' title='bbox 488 4197 515 4246; x_wconf 85' lang='lat'>0.</span> <span class='ocrx_word' id='word_1_521' title='bbox 533 4223 565 4232; x_wconf 91' lang='lat'>-</span> <span class='ocrx_word' id='word_1_522' title='bbox 587 4195 611 4258; x_wconf 79' lang='lat'>7)</span> <span class='ocrx_word' id='word_1_523' title='bbox 630 4191 703 4260; x_wconf 78' lang='grc' dir='ltr'>ἀπή·</span> <span class='ocrx_word' id='word_1_524' title='bbox 747 4213 787 4264; x_wconf 90' lang='lat' dir='ltr'>ap.</span> <span class='ocrx_word' id='word_1_525' title='bbox 812 4197 866 4246; x_wconf 88' lang='lat' dir='ltr'>Cot.</span> <span class='ocrx_word' id='word_1_526' title='bbox 901 4222 934 4230; x_wconf 93' lang='lat'>-</span> <span class='ocrx_word' id='word_1_527' title='bbox 961 4191 987 4258; x_wconf 77' lang='lat'>2)</span> <span class='ocrx_word' id='word_1_528' title='bbox 1012 4189 1029 4258; x_wconf 83' lang='grc' dir='ltr'><em>ἢ</em></span> <span class='ocrx_word' id='word_1_529' title='bbox 1055 4195 1100 4244; x_wconf 81' lang='grc' dir='ltr'>καὶ</span> <span class='ocrx_word' id='word_1_530' title='bbox 1128 4193 1193 4243; x_wconf 91' lang='lat' dir='ltr'>BCD</span> <span class='ocrx_word' id='word_1_531' title='bbox 1223 4199 1248 4244; x_wconf 87' lang='lat' dir='ltr'>et</span> <span class='ocrx_word' id='word_1_532' title='bbox 1277 4193 1308 4243; x_wconf 85' lang='lat' dir='ltr'>al.</span> 
     </span>
     <span class='ocr_line' id='line_1_55' title="bbox 135 4255 1274 4330; baseline 0.001 -21"><span class='ocrx_word' id='word_1_533' title='bbox 135 4261 240 4312; x_wconf 71' lang='lat' dir='ltr'>lavore</span> <span class='ocrx_word' id='word_1_534' title='bbox 252 4275 316 4310; x_wconf 90' lang='lat' dir='ltr'>corr.</span> <span class='ocrx_word' id='word_1_535' title='bbox 326 4276 356 4311; x_wconf 84' lang='lat' dir='ltr'>ex</span> <span class='ocrx_word' id='word_1_536' title='bbox 365 4258 523 4315; x_wconf 74' lang='grc' dir='ltr'><strong><em>ἀπέλαυσεν</em></strong></span> <span class='ocrx_word' id='word_1_537' title='bbox 534 4266 562 4312; x_wconf 89' lang='lat' dir='ltr'>B.</span> <span class='ocrx_word' id='word_1_538' title='bbox 575 4259 648 4330; x_wconf 86' lang='lat'>-8)</span> <span class='ocrx_word' id='word_1_539' title='bbox 662 4264 704 4313; x_wconf 86' lang='lat' dir='ltr'>Sic</span> <span class='ocrx_word' id='word_1_540' title='bbox 747 4279 787 4330; x_wconf 87' lang='lat' dir='ltr'>sp.</span> <span class='ocrx_word' id='word_1_541' title='bbox 818 4263 873 4312; x_wconf 83' lang='lat' dir='ltr'>Cot.</span> <span class='ocrx_word' id='word_1_542' title='bbox 903 4287 937 4297; x_wconf 92' lang='lat'>-—</span> <span class='ocrx_word' id='word_1_543' title='bbox 976 4256 1004 4328; x_wconf 85' lang='lat'>3)</span> <span class='ocrx_word' id='word_1_544' title='bbox 1035 4255 1050 4310; x_wconf 83' lang='lat' dir='ltr'>d</span> <span class='ocrx_word' id='word_1_545' title='bbox 1079 4255 1146 4326; x_wconf 85' lang='lat' dir='ltr'>(sic)</span> <span class='ocrx_word' id='word_1_546' title='bbox 1176 4261 1206 4310; x_wconf 91' lang='lat' dir='ltr'>D.</span> <span class='ocrx_word' id='word_1_547' title='bbox 1241 4288 1274 4296; x_wconf 96' lang='lat'>-</span> 
     </span>
    </p>
   </div>
   <div class='ocr_carea' id='block_1_8' title="bbox 0 0 1568 4894">
    <p class='ocr_par' dir='ltr' id='par_1_12' title="bbox 0 0 1568 4894">
     <span class='ocr_line' id='line_1_56' title="bbox 0 0 1568 4894; baseline 0 3"><span class='ocrx_word' id='word_1_548' title='bbox 0 0 1568 4894; x_wconf 95' lang='lat' dir='ltr'> </span> 
     </span>
    </p>
   </div>
  </div>
 </body>
</html>
