3162 4900
265 301 328 368 270
565 275 1125 366 awissmmmrnuommomrr.

265 461 499 534 redintegranda:
522 465 567 515 καὶ
589 458 673 514 ἄλλον
691 463 776 512 τίκτει
795 456 932 524 Ἄρκτον
950 453 1009 508 τὸν
1030 448 1217 522 catillinario.
1253 449 1437 504 Vocabulum

265 533 349 588 iiiior
364 527 542 583 referendum
561 532 606 580 est
622 525 658 580 ad
672 525 796 594 Ἄρκτον,
816 520 986 577 Amaltheae
1005 518 1107 585 filium,
1128 522 1158 572 et
1174 533 1248 570 novo
1265 535 1298 570 ar
1339 523 1437 571 mento

265 600 369 668 probat
383 597 468 666 hujus
481 593 654 648 mentionem
671 599 756 646 antea
772 607 836 645 esse
853 591 967 643 factam.
1003 589 1108 641 Arctos
1126 583 1288 638 nominatur
1325 585 1438 637 allistus

266 667 350 730 iilius,
364 664 413 734 qui
427 663 512 732 vulgo
525 661 606 716 audit
617 661 716 724 Arcas,
730 659 815 712 etiam
828 677 845 712 a
857 655 1001 726 Mythogr.
1013 653 1079 710 Vat.
1092 653 1130 718 II,
1142 651 1183 705 58.
1212 652 1323 707 Dubito
1341 657 1439 706 autem

266 751 333 787 uum
350 733 406 785 hoc
423 732 488 784 loco
507 727 633 782 sufficiat
646 728 738 780 solum
757 723 928 778 vocabulum
944 721 1073 794 Ἀρκάδα,
1091 718 1218 790 quamvis
1252 721 1322 774 robe
1339 719 1439 789 sciam,

267 817 376 854 veteres
387 796 502 853 Ἀοκάδττ
521 805 554 849 ab
574 812 607 848 eo
623 793 701 864 quod
713 799 758 846 est
769 791 868 862 ἄρκτος
880 791 987 844 dictum
1006 787 1155 852 statuisse,
1170 785 1220 838 cfr.
1259 785 1439 841 ratosthenis

266 867 315 937 qui
325 851 456 920 feruntur
467 863 661 917 Catasterism.
674 861 697 929 1,
710 877 736 928 p.
749 861 808 926 239,
820 861 836 911 6
850 876 910 928 sqq.
929 857 1145 940 Westermann:
1158 854 1201 939 ἐφ’
1216 841 1239 924 qi
1252 855 1439 925 ὀργισθεῖσαν

288 933 294 949 l

267 953 317 1001 την
330 933 399 988 θεὸν
411 931 583 1002 (Ἀρτέμιδα)
601 929 796 996 ἀποθηρτιόσαι
809 923 895 992 αὐτὴν
908 925 1034 993 (Ἄρκτον
1050 942 1103 988 την
1113 923 1262 993 μεγαλην),
1282 927 1327 976 καὶ
1349 919 1441 982 οὕτως

267 1008 356 1054 τεκεῖν
372 999 475 1067 ἄρκτον
490 1003 646 1068 γενομένην
663 993 713 1050 τὸν
730 999 867 1072 κληθέντα
878 992 1000 1064 Ἀρκάδα.
1021 1022 1055 1028 -
1077 987 1211 1066 Ceterum
1233 988 1341 1055 verbis,
1362 1005 1439 1066 quae

266 1069 348 1120 modo
361 1063 560 1128 tractavimus,
573 1063 669 1130 plures
682 1078 727 1114 res
740 1061 858 1114 aliunde
870 1077 926 1112 uon
939 1071 1024 1112 notae
1036 1062 1225 1110 contruentur.
1248 1055 1351 1109 Jovern
1364 1071 1396 1108 se
1408 1073 1439 1106 m

266 1151 363 1186 rrrsum
379 1130 547 1196 mutavisse,
561 1127 647 1181 etiam
665 1127 715 1180 alii
728 1127 916 1196 prodiderunt
931 1124 1091 1190 memoriae,
1108 1123 1160 1176 cfr.
1174 1123 1207 1176 R.
1219 1122 1330 1192 Ungeri
1342 1121 1438 1175 Theb.

267 1199 408 1253 Paradox.
424 1217 450 1266 p.
461 1197 524 1259 422,
545 1196 595 1249 sed
613 1195 679 1248 ideo
698 1211 762 1246 eum
779 1193 835 1248 hoe
852 1193 969 1260 fecisse,
986 1199 1018 1244 ut
1038 1209 1102 1244 eum
1121 1188 1306 1242 Amalthea
1329 1189 1439 1242 Phoci

267 1267 348 1319 filia
369 1265 582 1328 concumberet,
601 1268 718 1340 praeter
741 1261 896 1328 scriptores
924 1258 1113 1312 Homiliarum
1135 1263 1164 1310 et
1187 1256 1441 1336 Recognitionum,

267 1351 366 1399 nemo,
387 1331 463 1402 quod
484 1348 539 1400 ego
560 1330 674 1400 quidem
691 1327 787 1380 sciam.
813 1327 892 1380 Fieri
909 1333 1004 1380 tamen
1017 1330 1125 1394 potest,
1139 1328 1170 1376 ut
1181 1325 1214 1386 ii,
1232 1341 1279 1392 qur
1292 1324 1395 1376 Jovem
1409 1323 1442 1375 in

267 1419 364 1453 ursum
392 1405 529 1451 mutatum
553 1400 705 1460 noverunt,
728 1393 841 1451 dehoc
862 1393 925 1462 ipso
948 1392 1103 1447 concubitu
1122 1390 1321 1461 cogitaverint.
1355 1391 1441 1444 Jovis

291 1480 384 1536 ropter
398 1465 581 1518 Callistonem
594 1465 623 1516 iu
636 1464 748 1515 leonem
761 1462 862 1514 mutati
875 1459 968 1513 nullus
981 1459 1054 1512 alius
1063 1458 1232 1512 mentionem
1245 1457 1323 1510 fecit.
1347 1457 1441 1510 immo

268 1487 386 1588 iiounus
401 1531 533 1586 Semelen
544 1531 646 1584 «Iovem
659 1529 770 1583 leonem
785 1533 929 1596 expertam
943 1544 1004 1580 esse
1018 1525 1080 1593 scit,
1094 1526 1144 1578 cfr.
1155 1525 1262 1603 Unger.
1275 1525 1291 1576 l.
1307 1543 1330 1579 e.
1343 1524 1440 1592 pere.

178 1657 182 1664 ,
268 1603 322 1656 Vel
336 1601 375 1654 sic
388 1607 484 1653 tamen
497 1599 576 1652 nulla
589 1604 633 1650 est
646 1614 755 1662 caussa,
769 1615 819 1649 cur
832 1596 918 1648 etiam
929 1593 1001 1646 illud
1014 1595 1043 1646 iu
1057 1591 1163 1646 fabulis
1173 1591 1261 1644 fuisse
1274 1591 1442 1660 praefracte

267 1685 414 1737 negemus.
423 1697 457 1705 -
467 1674 497 1718 V.
509 1669 526 1718 8
539 1681 623 1784 qqam
637 1665 699 1718 cod.
714 1664 746 1716 Ο.
759 1663 879 1732 praebet
892 1661 996 1714 variam
1008 1659 1161 1738 lectionem
1173 1661 1265 1778 lieqo,
1278 1675 1340 1728 Jam
1353 1675 1443 1726 supra

268 1733 415 1804 attigimus
432 1734 469 1785 ad
487 1750 513 1800 p.
532 1734 545 1784 1
583 1733 643 1797 ,13.
680 1728 751 1783 Cum
770 1731 833 1784 cod.
854 1727 885 1781 Ο.
903 1727 1102 1782 consentiebat
1119 1743 1217 1794 exemp
1231 1743 1263 1778 ar
1286 1726 1441 1790 Graecum,

289 1819 324 1856 uo
345 1799 480 1853 utebatur
499 1797 631 1851 Rufinus:
653 1797 677 1849 is
700 1797 774 1850 enirn
796 1797 837 1848 sic
858 1802 902 1848 est
923 1795 1138 1863 interpretatus:
1160 1811 1213 1862 „ex
1234 1811 1291 1862 qua
1311 1793 1443 1846 nascitur

268 1822 363 1924 limos
385 1873 414 1920 et
434 1865 651 1918 Rhadamantus
672 1863 736 1927 (sic)
755 1863 985 1930 Sarpedouque.“
1001 1894 1036 1900 —-
1055 1863 1115 1914 v.9
1134 1879 1175 1930 sq.
1192 1861 1265 1913 haec
1283 1859 1442 1914 habentur:

265 1937 397 2008 Ἐρσαίου
409 1931 521 2006 νύμφῃ,
534 1930 686 2004 γενόμενος
719 1929 770 2002 rip,
789 1933 817 1990 ἐξ
829 1921 859 1998 ἧς
872 1934 899 1982 οἱ
911 1933 941 1984 ἐν
952 1933 1066 2000 Σικελίᾳ
1078 1927 1162 1982 πάλαι
1176 1935 1272 1998 σοφοί.
1301 1927 1443 1992 Recogni-

268 2003 362 2056 tiones
383 2001 523 2070 praebent
544 1999 580 2066 Χ,
597 1999 644 2051 22ε
680 2039 696 2064 ,,
727 1996 832 2050 haliam
853 2001 886 2050 et
913 1996 967 2061 (sic
988 2005 1066 2049 recte
1090 1995 1222 2064 Ungerus
1244 1996 1262 2046 l.
1285 2011 1307 2049 c.
1329 2011 1356 2074 p.
1378 1995 1443 2056 247)

269 2071 392 2122 Aetnam
404 2065 579 2136 Nympham,
596 2071 720 2118 mutatus
734 2065 762 2116 in
775 2065 923 2126 vulturem,
938 2081 972 2116 ex
984 2081 1042 2133 qua
1053 2069 1211 2116 nascuntur
1224 2069 1298 2130 apud
1313 2061 1444 2114 Srciliam

268 2135 399 2189 Palisci“.
434 2133 499 2188 Jam
521 2131 680 2186 Cotelerius
693 2129 863 2186 vocabulum
877 2131 1008 2202 Ἑρσαίου
1029 2129 1132 2182 mutari
1154 2129 1246 2183 voluit
1268 2130 1299 2182 in
1322 2135 1443 2198 Αἴτνη.

269 2201 377 2256 Contra
385 2200 612 2254 Valckenaerius
625 2201 662 2252 ad
674 2197 992 2266 Callimach.Eleg.Fra
1042 2198 1141 2278 .p.110
1152 2195 1265 2248 maluit:
1278 2187 1443 2266 Αἰτναίᾷ.

267 2269 308 2322 At
319 2267 391 2322 haee
403 2267 524 2322 nominis
538 2267 630 2321 forma
642 2265 818 2320 admittenda
829 2281 885 2318 non
899 2271 951 2319 est.
987 2215 1109 2319 girinrno
1122 2262 1300 2334 probabilius
1318 2265 1444 2329 videtur,

268 2337 297 2390 iu
319 2341 455 2404 corrupta
477 2351 546 2388 voce
570 2335 700 2408 Ἑρσαίου
724 2334 814 2386 latere
835 2333 925 2401 patris
947 2333 1110 2392 Palicorum
1133 2347 1243 2384 nomen.
1281 2330 1443 2383 Tentamus

268 2404 370 2474 igitur:
402 2407 525 2472 Θαλείᾳ
552 2405 590 2470 τῆ
616 2407 670 2456 καὶ
689 2407 812 2468 Αἴτνη,
837 2405 876 2468 τῆ
898 2399 1097 2472 Ἡφαίστου,
1128 2396 1245 2472 νύμφῃ
1273 2398 1331 2460 (vel
1355 2396 1444 2466 ούση

269 2471 417 2545 νύμφῃ),
435 2489 492 2540 μεν.
510 2461 581 2524 cett'
592 2467 715 2520 Exstant
732 2457 846 2538 quirlem
859 2458 928 2536 ioci,
946 2469 974 2520 iu
985 2466 1094 2536 ,quibus
1108 2467 1169 2518 aliis
1181 2465 1345 2520 Palicorum
1357 2455 1445 2533 patei

269 2543 517 2603 commemoratur,
543 2535 594 2588 cfr.
619 2533 754 2604 Stephan.
777 2535 897 2604 Byzant.
921 2554 943 2590 s.
969 2553 994 2587 v.
1017 2532 1124 2599 Παλτκὴ
1150 2539 1180 2587 et
1202 2533 1328 2600 Hesych.
1352 2537 1444 2604 atque

272 2605 403 2658 Favorin.
417 2621 437 2656 s.
451 2622 475 2654 v.
489 2607 610 2658 Παλικοί
626 2609 809 2674 (quamquam
822 2601 868 2655 hie
885 2602 972 2655 talem
988 2601 1017 2652 iu
1034 2601 1147 2652 modum
1165 2605 1316 2678 corruptus
1334 2606 1392 2666 est,
1410 2606 1445 2651 ut

269 2671 315 2724 vix
336 2673 366 2723 in
387 2687 503 2724 cerrsum
519 2669 616 2723 venire
633 2669 740 2737 possit,
760 2669 811 2722 cfr.
831 2668 976 2722 Welclreri
993 2667 1097 2719 librum
1116 2667 1151 2719 de
1168 2667 1315 2720 veteribus
1340 2665 1442 2720 Monu-
1535 2670 1541 2682 '

269 2739 371 2792 mentis
384 2767 417 2775 -
438 2737 523 2804 „Alte
546 2736 739 2789 Denlrmiiler“
763 2767 795 2776 -
817 2736 849 2789 P.
866 2735 917 2802 ΙΙΙ,
939 2753 966 2803 p.
982 2735 1058 2800 224>3
1083 2735 1134 2786 sed
1150 2734 1308 2786 Vulcanum
1330 2739 1443 2802 patrem

270 2805 354 2874 longe
367 2803 483 2872 plurimi
496 2810 661 2872 nuncupant
674 2802 829 2868 scriptores
843 2810 871 2856 et
883 2801 1054 2855 vocabulum
1067 2800 1226 2871 Ἡφαίστου
1239 2799 1364 2854 omnium
1376 2817 1442 2867 pro-

269 2873 342 2923 xime
365 2870 478 2924 aceedit
499 2873 535 2923 ad
546 2869 684 2942 ‘Epnalou
718 2869 873 2924 Praeterea
890 2868 1050 2922 Cotelerlus
1069 2869 1270 2934 adnotaverat,
1288 2885 1341 2936 pro
1357 2868 1444 2922 πάλαι

270 2944 360 3006 σοᾳοί
375 2937 558 2990 scribendum
572 2954 647 2988 esse:
666 2941 791 2990 Παλτκοί.
810 2936 864 2990 Est
877 2938 948 2990 haec
961 2953 1029 2989 sane
1038 2935 1120 3003 justa
1132 2935 1254 2988 nominis
1266 2935 1364 2988 forma.
1384 2933 1444 2988 Sed

269 3009 328 3080 tarn
344 3020 378 3055 ex
396 3003 446 3056 illa
463 3003 599 3055 librorum
616 3003 757 3069 scriptura
774 3017 858 3070 quam
878 3022 911 3058 ex
930 3021 963 3057 eo
982 3003 1058 3072 quod
1071 3004 1100 3055 in
1118 3001 1381 3071 Recognitionibus
1400 3008 1445 3054 est

268 3069 385 3136 Palrsci,
400 3071 495 3122 elucet
507 3068 695 3120 Homiliarum
713 3068 881 3136 scriptorem
903 3071 1049 3140 posuisse:
1072 3074 1156 3124 Ilnlr
1166 3077 1248 3124 σκοί.
1260 3100 1295 3108 -
1307 3068 1339 3122 P.
1352 3069 1387 3120 10
1400 3086 1444 3138 sq.

270 3137 524 3205 obtemperandum
543 3143 605 3188 erat
622 3133 801 3204 Schweglero
818 3145 847 3190 et
868 3138 984 3206 Ungero
1006 3137 1066 3199 (cfr.
1084 3137 1101 3188 l.
1119 3153 1142 3191 c.
1159 3155 1185 3204 p.
1203 3137 1262 3198 365)
1283 3137 1445 3193 secundum

268 3203 388 3284 Dictior.
401 3201 523 3286 Bibl.?V,
537 3203 578 3270 55,
593 3203 816 3289 corrigentibus:
828 3204 954 3287 ‘Iluoei'lq
969 3206 1003 3279 τῇ
1014 3212 1127 3275 γηγενεῖ
1137 3206 1167 3282 Ep
1176 3202 1261 3272 Ῥόδῳ
1275 3202 1446 3281 τῖτὰιὸμβρου

270 3269 1445 3408 §litigialilanitii'statulaet..'tl¹t..⁷.l·.¹.².tltltllllt‘ttt‘.

261 3405 403 3475 Ἄτυμνος.
439 3403 494 3458 Illa
515 3404 608 3459 forma
628 3423 697 3458 usus
722 3414 767 3459 est
786 3404 978 3474 Apollodorus
1002 3393 1078 3458 Bibl.
1101 3405 1155 3470 ΠΙ,
1172 3405 1197 3470 1,
1214 3405 1238 3470 2,
1263 3403 1318 3456 hac
1346 3403 1446 3457 Schol.

268 3469 402 3539 Apollon.
414 3471 505 3525 Rhod.
519 3471 626 3541 Argon.
638 3473 675 3538 ΙΙ,
689 3473 742 3540 178,
776 3490 840 3528 uam
852 3474 928 3542 quod
941 3471 1096 3526 Salmasius
1109 3472 1146 3524 ad
1157 3471 1243 3524 Solin.
1256 3489 1283 3538 p.
1294 3469 1344 3522 121
1359 3473 1447 3524 unice

269 3540 447 3616 probandam
461 3545 567 3604 censet,
581 3557 659 3592 error
671 3546 722 3592 est.
757 3489 906 3594 iuvenitur
918 3537 1164 3610 Ιοτωειᾎτύμντος
1176 3537 1261 3590 etiam
1274 3539 1352 3604 apud
1365 3537 1447 3591 Non-

268 3622 335 3656 num
348 3605 467 3674 Dionys.
480 3605 561 3672 XIX,
577 3608 631 3673 181,
645 3624 729 3674 porro
743 3609 819 3676 apud
830 3607 985 3659 Homerum
996 3607 1030 3659 Il.
1042 3606 1076 3670 V,
1088 3605 1138 3660 581
1153 3611 1182 3658 et
1193 3603 1265 3657 XVI
1284 3605 1343 3670 317,
1357 3611 1447 3674 atque

270 3673 347 3738 apud
362 3671 499 3734 Quintum
517 3671 702 3740 Smyrnaeum
718 3675 771 3740 ΙΙΙ,
789 3674 848 3739 300,
871 3681 969 3742 estque
988 3673 1071 3726 etiam
1090 3671 1134 3724 his
1153 3672 1224 3725 locis
1246 3644 1322 3723 iriam
1339 3687 1447 3724 nomen

270 3739 492 3804 agnoscendum.
511 3737 611 3808 Neque
624 3757 691 3793 vero
705 3743 813 3808 opinor,
827 3740 983 3810 quidquam
1000 3740 1184 3792 tribuendum
1197 3755 1260 3790 esse
1274 3737 1309 3804 ei,
1324 3739 1404 3808 quod
1417 3738 1448 3790 in

270 3803 420 3881 Recoguit.
433 3803 468 3867 X,
482 3805 515 3856 22
533 3809 668 3874 scriptum
680 3808 833 3876 reperitur:
852 3805 1045 3871 Anchinos,
1066 3823 1137 3860 non:
1154 3803 1364 3858 Anchinios.
1400 3805 1448 3858 De

268 3867 405 3948 Atymnro
420 3871 478 3923 sive
490 3869 614 3940 Atymno
634 3890 667 3925 ex
681 3874 888 3927 recentioribus
907 3871 1070 3926 hominibus
1084 3871 1176 3926 doctis
1191 3872 1363 3925 consulendi
1378 3879 1449 3925 sunt

269 3937 598 4057 llllllttltlltt
611 3938 985 4059 qhegmqenquffi
1007 3939 1219 4058 rrsursmrsqu
1239 3938 1364 4058 ”ibit
1380 3941 1448 4019 θὼρ

270 4069 351 4122 cibus
370 4071 406 4138 Il,
424 4071 449 4148 2,
470 4023 508 4138 p.O
514 4072 560 4132 80,
578 4071 613 4147 ΙΙ.
630 4023 675 4123 D.e
684 4023 893 4152 liieiliiusein
912 4021 1253 4144 Mythoovssqsiqsgqnntpqu
1272 4024 1450 4142 giaeciiriiii

270 4133 413 4202 (Mytholo
435 4153 461 4189 re
477 4137 527 4189 der
541 4136 657 4192 Grreeh.
671 4136 805 4206 Stamme)
818 4141 840 4206 I,
852 4157 879 4208 p.
891 4141 949 4192 310.
1201 4151 1204 4156 '

315 4263 321 4275 ·
337 4199 368 4252 P.
384 4203 394 4252 l
432 4241 439 4264 ,
455 4204 467 4254 l
481 4205 556 4271 quod
569 4204 721 4281 articulum
734 4209 784 4260 τοῦ
797 4223 813 4259 e
826 4207 887 4260 cod.
902 4207 925 4260 Ο
939 4207 1060 4276 recepit,
1077 4207 1169 4260 miuus
1182 4208 1258 4262 bene
1270 4205 1343 4260 feeit
1355 4207 1449 4260 Dres-

270 4263 365 4318 selrus.
389 4266 591 4322 Valckenacru
614 4273 820 4340 conjecturam:
842 4273 1048 4348 ὀνομασθείσῃ,
1061 4275 1162 4328 merito
1181 4273 1293 4343 respuit
1308 4273 1451 4344 Ungerus
