3114 4896
597 319 867 368 PROLEGOMENA.
1299 325 1318 366 V

137 465 320 539 Georgius
345 463 553 530 Cedrenus¹‚
584 464 697 520 Nicon
722 464 934 532 slonschust,
960 464 1181 535 Nicephorus
1208 466 1309 522 call·

137 534 299 589 Michael
318 533 473 604 Glycast
519 531 626 596 ,Codex
638 551 690 588 ms.
702 528 862 598 Parisinus,
880 535 926 604 qui
945 532 1020 586 inter
1031 533 1186 588 orientales
1198 551 1265 588 num
1286 509 1319 588 711

138 604 276 676 signatur
288 605 317 656 et
329 599 495 654 inscribitur
507 573 770 656 ³l'cstamentum
783 599 917 654 Christi
933 599 1064 654 domini
1081 599 1272 656 adPetrum
1284 609 1318 656 et

137 672 258 725 omnia
276 669 447 740 mysteria
467 685 554 740 quae
576 668 608 722 ei
627 668 818 734 revelavit,
843 674 988 722 auctore
1011 665 1037 722 S.
1058 666 1237 723 Clemente
1258 670 1317 725 Ro·

139 757 239 794 mano
252 743 308 792 etc.
323 733 391 790 XCI
403 735 581 790 sectionibus
592 735 670 790 hand
678 753 771 806 pauca
780 735 895 806 quidem
905 735 1042 798 continet,
1055 753 1128 806 quse
1136 737 1318 810 checogni·

135 807 269 860 tionibus
287 812 423 874 excerpta
440 821 503 858 esse
521 801 666 868 videntur,
688 804 740 858 sed
757 803 877 858 confusa
897 821 931 857 ea
947 821 1010 858 cum
1033 803 1151 874 ineptiis
1174 804 1318 876 variisque

136 871 416 928 hallucinationibus
429 889 463 928 ac
475 871 617 942 permixta
630 871 883 940 conquestionibus
898 869 933 924 de
944 871 1055 926 iniuriis
1069 877 1099 925 et
1108 871 1201 940 malis,
1214 873 1318 943 quibus

137 941 347 1012 affligebantur
362 939 477 994 saeculo
490 943 556 1010 post
566 937 629 993 Chr.
641 947 740 994 natum
753 937 864 994 decimo
877 939 976 1008 quinto
990 937 1146 996 Christiani
1159 941 1187 993 in
1201 939 1317 996 Oriente

138 1010 283 1080 degentes
295 1025 312 1062 a
325 1005 585 1062 Muhsmedanis“⁶.
621 1004 683 1062 Nec
697 1006 803 1074 habeo,
817 1005 886 1076 quid
901 1005 994 1061 dicam
1004 1007 1039 1061 dc
1049 1007 1177 1062 versione
1188 1007 1317 1064 Clemen-

136 1076 264 1130 tinorum
278 1075 404 1156 Syriaca,
419 1091 503 1196 <pram
515 1075 544 1128 in
558 1073 718 1130 doctissimi
737 1073 872 1129 Curetoni
888 1075 1019 1130 manibus
1036 1091 1099 1129 esse
1115 1077 1182 1130 scio.
1200 1078 1230 1131 Is
1242 1078 1317 1132 enim

137 1144 234 1198 literis
244 1143 321 1196 datis
332 1143 358 1194 d.
366 1143 432 1196 fain
446 1144 528 1199 ,1856
538 1161 648 1198 mecum
659 1143 891 1196 communicavit:
912 1144 944 1208 ,1
952 1141 1024 1196 have
1037 1143 1130 1213 hyms
1140 1145 1318 1200 transcribed

138 1211 189 1265 the
197 1208 428 1268 Clementiuesin
437 1210 544 1291 Syriae,
561 1209 653 1264 which
665 1210 758 1280 lhope
770 1216 801 1264 to
815 1207 875 1264 find
889 1227 965 1264 some
975 1209 1121 1268 favorable
1132 1214 1317 1285 opportunity

137 1279 172 1333 of
181 1277 379 1350 publishing.“
414 1279 462 1332 lllr
480 1277 569 1399 1ᾗ11111
586 1295 659 1358 quae
672 1278 763 1332 citant
777 1295 811 1331 ex
824 1274 904 1332 libris
918 1277 953 1332 de
974 1284 1164 1359 rompssrunt‚
1173 1281 1226 1350 qui
1240 1287 1317 1336 certe

139 1347 179 1401 ad
189 1347 495 1402 unumomnesadcau
517 1364 561 1399 em
570 1343 707 1400 historiae
716 1345 763 1400 vel
792 1345 868 1399 otius
877 1345 946 1400 fabu
959 1363 993 1400 se
1003 1346 1140 1418 orrginem
1149 1347 1318 1427 respiciunt,

140 1433 199 1469 non
218 1431 253 1467 ex
271 1431 328 1468 uno
346 1413 501 1484 eodemque
520 1413 714 1486 profluxerunt
731 1431 778 1467 arc
800 1419 888 1483 etypo
908 1413 1061 1468 doctrinae.
1097 1412 1141 1468 Ac
1158 1415 1212 1470 viri
1229 1415 1307 1470 docti

141 1483 191 1552 qui
211 1481 247 1535 de
268 1481 455 1535 clementinis
475 1482 681 1546 disseruerunt,
702 1482 733 1534 in
752 1497 785 1535 eo
803 1482 850 1534 vel
868 1481 988 1538 maxime
1007 1481 1122 1551 decepti
1145 1489 1224 1550 sunt,
1241 1456 1318 1564 quosl

140 1550 209 1604 hnic
221 1549 297 1630 parti
310 1549 402 1602 minus
415 1549 540 1604 animum
552 1549 744 1607 adverterunt.
767 1547 830 1619 Ego
843 1545 949 1618 quippe
959 1565 1127 1628 persuasum
1138 1549 1238 1617 habeo,
1251 1551 1317 1606 rude

142 1619 180 1672 ab
195 1618 280 1671 inrtio
312 1617 387 1670 lures
401 1617 532 1670 extitisse
547 1617 646 1671 eodem
666 1633 702 1670 ue
715 1623 842 1686 tempore
854 1633 1037 1670 recensrones
1054 1616 1184 1670 doctrine
1196 1619 1316 1672 multum

139 1685 278 1764 diversas,
290 1633 789 1764 11111616(116116611611661111666166.
800 1683 877 1738 Hinc
887 1681 1128 1763 Clementinornm
1138 1683 1183 1750 vel
1194 1686 1316 1740 maxima

139 1753 170 1807 in
183 1753 316 1807 doctrina
327 1753 464 1818 varietas,
484 1769 592 1808 summa
610 1767 639 1804 in
657 1751 756 1805 fabula
767 1752 924 1806 enarranda
936 1757 1038 1806 uurtas.
1075 1750 1131 1806 Sed
1144 1751 1317 1808 orthodoxae

138 1820 211 1874 fidei
223 1820 364 1891 cultorum
397 1820 470 1874 ietas
483 1820 648 1890 permittere
660 1819 786 1888 nolebat,
799 1824 830 1872 ut
842 1819 1030 1874 clarissimum
1044 1818 1201 1874 Clementis
1215 1839 1316 1878 nomen

137 1889 259 1960 placitis
271 1882 323 1957 pfo
335 1839 486 1942 multorum
500 1893 586 1958 captu
598 1886 753 1940 haereticis
764 1904 848 1957 porro
868 1886 1019 1942 inserviret
1037 1886 1177 1950 vehiculo,
1216 1907 1314 1959 uapro·

137 1965 207 2036 pter
219 1956 276 2010 iam
287 1955 374 2026 longe
386 1962 453 2010 ante
466 1955 608 2020 Photium
621 1954 789 2024 Hieronymi
801 1960 896 2008 aetate
909 1954 1036 2023 dixerim,
1050 1905 1226 2030 expmgsnli
1236 1957 1317 2012 labor

138 2024 262 2094 mcepit,
297 2022 374 2076 Hinc
392 2029 490 2078 exorta
508 2030 553 2077 est
572 2021 815 2081 Olemeutinorum
837 2021 938 2076 cohors
962 2023 1040 2078 varie
1059 2029 1089 2076 et
1105 2023 1317 2080 multiformiter

138 2092 309 2171 composita,
321 2091 414 2145 altera
424 2091 528 2162 quippe
537 2090 669 2172 Epitome
679 2090 799 2144 alteram
808 2089 993 2160 parturiente.
1019 2090 1062 2144 Ac
1076 2098 1182 2161 quanto
1192 2093 1318 2163 pruritus

137 2159 305 2230 corrigendi
316 2157 515 2230 theologorum
528 2157 678 2212 orientalis
686 2157 836 2212 Ecclesiae
846 2175 909 2212 cum
919 2157 1007 2212 nimia
1016 2159 1229 2234 dogmatizandi
1239 2161 1317 2230 cupi·

139 2226 406 2298 dineetargutandi
420 2227 511 2280 crevit
524 2225 709 2296 invaluitque,
722 2231 804 2280 tanto
817 2243 992 2280 macrescere
1006 2223 1104 2280 videre
1115 2227 1192 2281 estE
1214 2228 1316 2284 itomas

138 2295 323 2365 prodeuntes.
359 2294 393 2348 Id
405 2293 664 2365 Recognitiouibus
677 2310 788 2363 quoque
802 2294 907 2360 serius,
925 2300 954 2348 et
971 2293 1085 2363 quidem
1100 2301 1166 2365 post
1206 2295 1315 2350 hotium

141 2362 302 2428 accedisse,
315 2367 407 2416 testes
421 2369 486 2415 sunt
500 2363 555 2415 duo
569 2361 684 2416 codices
696 2359 863 2431 Lipsienscs
877 2379 950 2416 saec.
965 2362 996 2414 11
1011 2362 1095 2428 6113,
1114 2362 1217 2432 quibus
1231 2361 1318 2416 Gera-

143 2429 253 2484 dorfius
272 2448 340 2483 usus
359 2436 404 2483 est
423 2430 451 2483 iu
471 2429 597 2484 editione
616 2445 713 2484 earum
732 2445 805 2482 nova
825 2427 991 2483 adornanda
1033 2428 1190 2498 Utriusque
1212 2431 1317 2508 quippe

139 2503 243 2552 auctor
256 2497 454 2566 epitomatoris
467 2498 530 2551 vice
544 2503 659 2552 strenue
677 2495 793 2549 functus
810 2495 903 2548 661116
917 2496 1031 2565 quidem
1044 2495 1126 2550 anxie
1139 2499 1316 2575 repetundrs,

159 2582 215 2618 uae
233 2564 270 2618 ad
286 2565 435 2619 historiam
452 2582 546 2619 rerum
563 2569 758 2620 enarraturum
773 2562 912 2629 attinent,
933 2563 1081 2616 doctrinae
1099 2563 1215 2633 placitis
1233 2571 1318 2619 acuta

140 2583 217 2688 laice
227 2633 374 2700 demessis,
383 2634 543 2703 ubicunque
549 2633 583 2686 id
592 2649 643 2702 pro
655 2636 760 2686 renata
771 2630 798 2684 ei
807 2629 879 2684 utile
885 2631 932 2684 vel
942 2631 1315 2687 necessariumvidebaturt

209 2701 234 2754 5.
253 2700 361 2764 Quodsi
380 2718 452 2770 quae
471 2717 506 2755 ex
525 2699 713 2755 clementinis
732 2698 809 2768 apud
830 2697 925 2752 varios
945 2699 1100 2768 scriptores
1118 2699 1266 2754 orientalis
1288 2707 1318 2754 et

139 2767 332 2824 occidentalis
344 2767 493 2823 Ecclesiae
507 2785 592 2840 supra
602 2767 761 2822 recensitos
771 2765 856 2820 obvia
865 2764 937 2820 fiunt
946 2765 1108 2838 fragmenta
1117 2784 1151 2821 ex
1161 2767 1317 2838 archetypo

142 2835 271 2890 nonnisi
285 2835 463 2890 intermediis
475 2837 544 2903 viis,
564 2836 655 2906 iisque
668 2834 745 2889 haud
756 2851 821 2888 raro
833 2834 979 2888 intercisis
998 2835 1211 2916 multifarieque
1228 2843 1317 2890 retor-

139 2904 179 2958 tis
193 2909 397 2973 provenerunt,
410 2904 608 2974 provenientis
620 2920 672 2974 pro
684 2902 771 2956 libitu
785 2903 972 2956 scribentium
984 2903 1110 2964 redacta,
1124 2904 1193 2984 quid
1206 2904 1316 2971 mirum,

142 2972 168 3025 si
183 2971 315 3040 pervarie
328 2970 444 3025 fuerunt
457 2970 616 3041 inscripta?
638 2971 725 3024 Haud
737 2970 767 3022 id
779 2970 842 3024 leve
855 2978 1055 3042 argumentum
1072 2971 1142 3025 mihi
1159 2989 1222 3026 esse
1239 2972 1317 3026 vide·

139 3046 190 3093 tur
207 3039 245 3092 ad
263 3039 478 3093 diiudicandum
494 3056 590 3094 eorum
608 3055 692 3093 corru
712 3038 799 3092 telam
817 3041 877 3092 sive
890 3039 1100 3094 aberrationem
1112 3040 1147 3094 ab
1160 3039 1318 3110 archetypo

141 3107 293 3160 nominare
305 3108 403 3161 mavis.
428 3107 536 3161 Eadem
548 3124 616 3161 vero
629 3123 664 3160 ex
676 3057 769 3160 altera
801 3113 863 3160 arte
875 3123 920 3160 me
933 3111 1028 3160 movet
1040 3125 1139 3171 causa,
1153 3115 1185 3161 ut
1194 3108 1318 3174 credam,

141 3173 278 3228 stabilem
292 3174 371 3227 illam
384 3174 599 3244 inscriptionem
612 3173 759 3244 utriusque
792 3174 919 3254 pitomes
932 3174 1051 3228 huiusce
1064 3175 1130 3229 libri
1139 3182 1244 3230 testem
1254 3191 1318 3229 esse

139 3248 241 3296 rectae
251 3241 404 3296 affinitatis
412 3242 668 3296 intervenientibus
679 3241 815 3295 Homilirs
828 3259 891 3295 cum
904 3241 1029 3311 ipsarum
1038 3241 1196 3361 archetypo
1205 3249 1235 3295 et
1244 3260 1318 3297 com-

141 3309 311 3380 pendiarias
325 3309 472 3365 doctrinae
486 3317 515 3365 et
527 3310 660 3377 omnium,
674 3326 746 3379 quae
760 3309 854 3363 adres
867 3315 965 3379 gestas
979 3315 1111 3378 spectant
1165 3310 1319 3363 ascribitur

141 3383 240 3431 autem
252 3377 386 3447 Epitome
399 3395 483 3448 quam
494 3395 568 3432 nuno
585 3378 706 3449 primum
721 3377 863 3446 integram
882 3376 1076 3445 evulgavirnus
1091 3375 1251 3448 Κλήμεντος
1263 3381 1319 3433 τῶν

142 3452 255 3515 Πέτρου
268 3448 352 3510 lurda
378 3449 426 3500 onir
439 3444 622 3519 κηουγμὰτων
636 3443 765 3518 ἐπιτομὴ,
779 3443 829 3512 qui
842 3443 944 3496 titulus
957 3448 1001 3495 est
1011 3441 1206 3511 Homilisruru,
1221 3443 1318 3522 sicque

141 3512 327 3567 inscribenda
338 3469 394 3568 tisis
407 3499 538 3584 Epitome
552 3532 569 3568 a
581 3513 714 3567 Turnebo
746 3511 847 3565 rimnm
860 3510 952 3573 edita,
970 3527 988 3563 a
1001 3507 1144 3589 1161616116
1163 3516 1192 3564 61
1206 3508 1318 3566 Clerrco

140 3581 292 3650 repetital,
328 3579 457 3651 Utraque
475 3582 564 3653 igitur
582 3599 617 3635 ex
633 3530 768 3634 Homillls
786 3578 903 3648 prodiit.
938 3576 1128 3632 Homilrarum
1146 3584 1242 3633 autem
1260 3597 1317 3634 non

140 3648 407 3770 111οὲ111811
425 3646 1317 3780 ”hatttlttttthiatpttttstfttttttahtle
1380 3642 1386 3654 ⁸

142 3734 236 3838 16111111
251 3799 267 3837 6
285 3735 619 3854 codicibrlsqquibusdam
638 3781 833 3838 bibliothecae
849 3733 997 3836 Palisinae
1013 3757 1160 3852 Epitomes
1180 3783 1319 3838 brevioris

142 3851 180 3905 ab
194 3851 258 3922 ipso
270 3857 336 3922 post
348 3851 513 3907 Turnehum
524 3853 629 3907 iterum
641 3851 737 3907 editae
749 3849 843 3906 textui
854 3850 949 3905 varias
961 3850 1101 3906 lectiones
1114 3851 1251 3919 subiecit,
1270 3867 1319 3906 eas

216 4059 544 4108 10111611166116111.(1661
563 4067 588 4109 et
604 4063 634 4108 A.
647 4061 778 4118 Fabrotti,
798 4060 872 4106 Paris
892 4059 965 4110 1647.
1000 4059 1050 4110 cfr.
1066 4053 1183 4113 zur-uae
1201 4058 1319 4122 ἱστοριῶν

143 4129 185 4174 ed.
204 4127 276 4175 lmus.
294 4129 400 4185 Becker,
420 4131 522 4176 Bonnae
542 4132 616 4177 1838.
651 4125 815 4187 111161δέ6611
831 4124 883 4173 τῶν
899 4123 1034 4188 ἑρμηνυῶν
1050 4126 1101 4174 τῶν
1120 4122 1320 4174 cireceastria

143 4193 311 4258 6611166166,
330 4197 374 4242 cfr.
388 4197 501 4244 Fabricii
515 4197 583 4244 Bibl.
597 4213 633 4258 gr.
648 4199 687 4244 ed.
700 4197 806 4244 Harless
818 4195 888 4241 Tom.
899 4196 945 4252 XI,
958 4197 1016 4242 275.
1046 4193 1132 4242 ³Hist.
1142 4195 1212 4243 Eccl.
1221 4196 1268 4252 111,
1280 4199 1319 4242 18.

144 4260 157 4290 ⁴
171 4263 262 4310 Annsl.
276 4264 313 4312 ed.
326 4265 397 4310 Imm.
411 4265 518 4322 Becker,
531 4267 635 4313 Bonuse
650 4266 714 4312 1836
729 4281 752 4324 p.
766 4266 807 4311 51.
831 4261 842 4290 ⁶
856 4263 980 4309 Gersdorf
989 4265 1006 4311 l.
1019 4263 1035 4309 l.
1049 4276 1073 4320 p.
1086 4262 1131 4309 lX.
1155 4259 1228 4308 Β(111.
1244 4262 1318 4309 Gess-

149 4330 211 4376 dort'
221 4329 268 4378 1.1.
281 4331 365 4380 Praei.
378 4345 402 4392 p.
416 4333 545 4393 1111666.
580 4330 654 4382 ⁷cfr.
666 4334 754 4380 notula
765 4336 852 4378 nostru
865 4333 878 4376 1
893 4331 926 4376 sd
938 4329 993 4387 cap.
1004 4332 1025 4374 l.
