3114 4896
568 317 723 370 ΕΡΙΤΟΜΕ
740 317 852 368 PRIOR.
1290 309 1307 370 7

199 466 233 522 V.
271 466 326 520 His
344 465 441 536 itaque
463 464 688 537 cogitationibus
709 465 833 521 animum
853 483 945 520 meum
965 468 1144 522 versantibus
1161 471 1196 526 In
1212 470 1309 544 Aegy.

130 539 212 606 ptum
224 533 404 604 proficiscar,
422 531 494 599 dixi,
509 539 538 587 et
550 533 698 604 adytorum
715 533 910 604 hierophantis
923 552 957 588 ac
969 536 1115 606 prophetis
1128 540 1235 596 amicus
1248 542 1309 597 effi-

132 603 206 668 ciar,
219 620 361 673 magoque
374 601 505 672 quaesito
517 620 551 656 ac
564 601 679 656 invento
689 603 778 656 multa
788 601 909 672 pecunia
919 602 945 656 ei
954 605 1144 687 persuadebo,
1156 613 1188 661 ιιι
1198 609 1308 666 animae

132 670 344 737 evocationem,
362 687 446 740 qnam
463 669 684 724 necromantiam
704 675 821 738 vocant,
843 670 945 736 faciat,
965 676 1099 742 tanquam
1117 675 1254 730 videlicet
1273 679 1308 734 de

131 738 251 809 negotio
264 739 361 807 aliquo
373 737 534 807 percontari
546 737 640 791 velim.
675 737 761 792 Porro
775 739 829 792 erit
840 739 1018 808 percontatio
1030 747 1062 794 ut
1077 742 1198 810 discam,
1216 750 1309 802 utrum

132 805 278 860 animarit
290 805 465 860 immortalis.
501 805 537 858 Id
549 813 644 860 autem
661 823 774 874 prorsus
791 824 962 877 cognoscam
978 825 1034 862 non
1051 826 1085 864 ex
1103 828 1150 878 eo,
1172 813 1248 882 quod
1266 832 1309 869 re-

132 894 145 928 s
168 874 288 929 ondebit
301 891 331 928 se
345 891 408 928 esse
419 872 613 940 immortalem,
627 875 678 928 sed
687 891 721 928 ex
734 891 767 928 eo
781 875 928 940 duntaxat,
962 877 1017 930 uod
1029 876 1109 932 illam
1121 880 1258 936 exsistere
1270 883 1310 938 vi-

154 943 214 996 ebo.
229 942 304 996 Nam
314 941 404 996 oculis
412 940 483 994 meis
493 958 610 996 cernens
621 959 682 995 cam
693 941 763 996 satis
773 959 904 1013 magnam
913 892 1025 998 haihebo
1035 947 1243 1016 certitudinem,
1256 969 1310 1008 nec

133 1010 189 1064 iam
201 1011 268 1080 plus
280 1009 367 1063 fidam
379 1009 494 1063 auribus
507 1026 590 1078 quam
602 1009 700 1063 oculis.
737 1009 925 1064 Veruntamen
937 1029 999 1066 oum
1011 1013 1180 1086 philosopho
1190 1019 1311 1088 quodam

132 1096 168 1132 ex
179 1077 372 1132 familiaribus
383 1077 454 1131 meis
466 1076 520 1131 hoc
537 1094 648 1146 quoque
666 1077 815 1132 consilium
833 1081 1045 1134 communicavi.
1079 1082 1109 1135 Is
1123 1101 1188 1140 vero
1201 1089 1309 1142 monuit

133 1163 192 1213 me,
215 1164 273 1200 non
285 1163 319 1200 ex
341 1146 418 1200 edire
430 1149 462 1198 ut
475 1145 505 1198 id
516 1145 649 1200 auderem
662 1145 731 1199 duas
744 1146 779 1200 ob
797 1164 906 1201 causas.
942 1147 974 1202 Si
990 1149 1078 1216 enim,
1096 1151 1202 1222 inquit,
1223 1157 1308 1225 plane

133 1231 218 1285 mago
231 1231 289 1267 non
301 1165 441 1268 obedierit
451 1212 558 1280 anima,
571 1219 604 1266 tu
616 1231 726 1283 quoque
738 1220 837 1284 utpote
850 1215 898 1284 qui
910 1215 1024 1287 legibus
1036 1217 1108 1272 haee
1117 1237 1202 1291 agere
1211 1229 1309 1278 vetan-

132 1281 212 1336 tibus
224 1281 392 1335 adversatus
404 1281 492 1334 fueris
503 1281 577 1335 male
590 1281 645 1334 tibi
657 1283 788 1336 conscius
802 1283 893 1350 vives,
912 1283 956 1336 sin
967 1291 1062 1338 autem
1075 1289 1213 1356 paruerit,
1229 1309 1308 1362 prae-

131 1357 264 1419 terquam
277 1349 352 1418 quod
363 1350 443 1403 vives
460 1350 534 1402 male
546 1349 600 1403 tibi
614 1350 744 1404 conscius
758 1349 844 1404 etiam
860 1368 932 1420 quae
951 1352 987 1405 ad
1004 1352 1081 1422 pium
1098 1355 1205 1410 cultum
1222 1359 1309 1428 perti·

132 1423 217 1482 nent,
240 1417 320 1470 cuius
340 1417 382 1471 rei
397 1416 492 1499 gratia
508 1417 579 1472 talia
599 1434 752 1499 aggressus
768 1418 870 1484 tueris,
888 1436 945 1473 non
962 1419 1018 1473 iam
1034 1421 1088 1474 tibi
1105 1421 1178 1478 benc
1195 1442 1310 1482 cessura

132 1486 275 1540 existimo.
310 1485 502 1540 Divinrtatem
519 1485 594 1538 enim
606 1493 686 1540 arunt
698 1487 833 1540 infestam
846 1503 909 1540 esse
922 1486 958 1540 iis
967 1487 1015 1556 qui
1024 1488 1146 1556 animas,
1155 1499 1309 1571 postquam

132 1572 150 1608 a
163 1553 329 1623 corporibus
348 1553 406 1607 suis
424 1552 581 1607 dissolutae
600 1559 678 1620 sunt,
700 1560 811 1608 vexant.
847 1554 910 1624 Ego
927 1571 993 1609 vero
1010 1555 1054 1608 bis
1071 1556 1177 1612 audias
1195 1563 1311 1632 segnior

132 1622 250 1692 quidem
269 1621 371 1691 adpro
392 1621 497 1676 ositum
513 1620 607 1676 factus
626 1640 701 1690 sum3
725 1621 776 1676 sed
786 1622 836 1676 illa
848 1621 990 1692 superiore
1003 1624 1178 1695 cogitatione
1196 1630 1309 1684 omnino

133 1707 192 1744 non
226 1695 364 1743 oterama
386 1691 495 1743 sistere.

231 1757 253 1810 Ι.
288 1755 332 1810 Ac
349 1775 384 1812 ue
402 1758 474 1813 haec
490 1755 545 1810 tibi
561 1756 687 1811 referens
705 1773 861 1812 sermonem
873 1758 1052 1838 protraham,
1076 1776 1139 1815 cum
1155 1761 1186 1816 in
1201 1763 1308 1819 talibus

132 1825 411 1880 considerationibus
432 1843 467 1880 ac
484 1825 609 1896 negotiis
625 1843 764 1894 versarer,
782 1825 899 1881 Tiberio
916 1825 1038 1882 Caesare
1053 1827 1181 1885 Romana
1197 1839 1310 1903 sceptra

131 1899 277 1948 tractante
290 1899 355 1963 post
368 1893 480 1947 initium
493 1893 568 1948 veris
584 1892 659 1948 fama
677 1894 815 1963 quaedam
830 1894 936 1948 sensim
949 1895 1049 1950 diebus
1066 1897 1187 1970 singulis
1199 1917 1309 1970 perere-

131 1962 198 2016 buit
211 1968 241 2016 et
252 1978 350 2015 revera
361 1961 453 2016 bonus
465 1961 523 2015 Dei
535 1961 655 2014 nuncius
665 1962 799 2014 mundum
807 1963 933 2032 pervasit
942 1963 1000 2017 Dei
1008 1964 1184 2020 voluntatem
1193 1967 1309 2024 silentio

132 2037 233 2102 tegere
243 2047 300 2082 non
312 2029 418 2096 sinens,
432 2029 483 2084 sed
492 2034 521 2083 et
533 2046 584 2099 per
596 2030 724 2101 singulos
738 2029 799 2084 dies
813 2031 932 2100 amplior
944 2038 973 2086 et
985 2031 1073 2086 maior
1085 2033 1174 2090 fiebat
1184 2035 1225 2090 sic
1236 2037 1308 2091 refe·

131 2115 214 2152 rens:
243 2097 383 2164 „Quidam
401 2099 431 2152 in
447 2097 555 2152 Iudaea
567 2097 650 2152 initio
663 2104 774 2168 sumpto
792 2114 810 2152 a
827 2114 913 2152 verno
929 2105 1055 2170 tempore
1073 2103 1182 2156 aeterni
1197 2102 1255 2158 Dei
1266 2121 1308 2158 re-

132 2165 346 2238 gnumludaeis
363 2165 523 2236 praedicat,
545 2166 620 2246 quod
632 2165 735 2220 asserit
754 2173 963 2288 percepturum,
986 2168 1010 2220 si
1030 2170 1093 2247 quis
1109 2170 1244 2240 optimam
1260 2189 1311 2242 per

133 2234 229 2288 omnia
246 2233 334 2287 vitam
352 2233 408 2303 ipsi
425 2233 579 2288 exhibebit.
614 2233 655 2288 Ut
671 2242 767 2288 autem
784 2251 830 2288 cre
852 2241 929 2303 atur,
945 2253 1008 2290 eum
1021 2235 1181 2292 divinitatis
1193 2240 1309 2309 plenum

134 2302 237 2356 doecre
258 2301 329 2367 ista,
350 2303 440 2356 multa
457 2301 613 2368 mirabilia,
634 2302 767 2374 prodigia
787 2309 816 2357 et
840 2304 923 2375 signa
940 2303 1000 2357 edit
1018 2305 1078 2359 solo
1094 2307 1180 2360 verbo
1198 2307 1327 2362 faciens·

134 2370 234 2424 audire
245 2369 357 2436 surdos,
372 2387 473 2424 caecos
483 2369 588 2438 videre,
600 2370 717 2424 claudos
727 2370 881 2438 ambulare,
892 2377 921 2425 et
931 2389 1041 2425 omnem
1053 2373 1178 2428 morbum
1189 2375 1309 2445 depellit

134 2454 303 2508 omnemque
317 2437 481 2492 daemonem
493 2437 590 2510 fugat,
609 2439 677 2508 quin
693 2437 780 2492 etiam
797 2439 902 2508 leprosi
920 2439 1028 2493 eminus
1040 2447 1152 2495 tantum
1164 2441 1308 2496 intuentes

134 2524 200 2560 cum
213 2505 308 2560 sanati
319 2505 435 2572 abeunt,
448 2509 551 2560 mortui
563 2523 629 2560 vero
642 2505 733 2560 oblati
746 2506 927 2571 suscitantur,
940 2523 993 2560 nec
1006 2509 1156 2577 quicquam
1166 2515 1210 2562 est
1233 2510 1309 2578 quod

135 2573 231 2628 facere
244 2579 395 2642 nequeat.“
419 2573 514 2644 Atque
528 2592 583 2644 quo
595 2575 659 2644 plus
671 2573 807 2653 temporis
816 2574 999 2642 praeteribat,
1013 2593 1046 2630 eo
1058 2575 1147 2629 maior
1158 2593 1192 2629 ao
1268 2577 1310 2630 ior

133 2659 186 2712 per
202 2643 359 2712 complures
376 2641 456 2696 illinc
473 2643 660 2696 advenientes
678 2641 836 2695 exsistebat
852 2659 909 2695 non
921 2642 1055 2711 amplius,
1077 2642 1204 2712 inquam,
1223 2643 1308 2712 fama,

134 2709 187 2764 sed
200 2710 262 2779 ipsa
272 2709 315 2762 rei
327 2709 440 2763 veritas.
475 2709 536 2764 Iam
548 2727 615 2764 vero
628 2714 657 2764 et
669 2715 767 2764 coetus
779 2726 830 2779 per
842 2709 905 2764 loca
917 2708 1039 2778 fiebant,
1057 2716 1089 2764 ιιι
1102 2712 1310 2766 consultaretur

134 2795 168 2832 ac
181 2777 226 2830 dis
249 2777 379 2844 icerctur,
392 2777 522 2848 quisnam
535 2778 658 2843 essetis,
671 2777 721 2848 qui
732 2779 911 2848 apparuisset
923 2784 953 2831 et
965 2779 1034 2848 quid
1045 2779 1134 2834 vellet
1147 2778 1248 2834 dicere.

248 2845 269 2898 I.
305 2843 376 2898 Cum
392 2851 487 2900 autem
508 2864 597 2900 annus
618 2845 655 2900 ad
675 2851 840 2900 autumnum
856 2847 913 2900 iam
929 2863 978 2899 ver
1000 2854 1073 2914 eret,
1093 2847 1176 2902 homo
1213 2848 1309 2902 uidam

135 2917 215 2968 staua
228 2914 258 2966 in
274 2913 338 2966 loco
350 2914 466 2984 publico
487 2913 581 2980 „Viri‚
598 2913 704 2984 inquit,
720 2913 841 2969 Romani
853 2914 963 2969 audite:
1022 2918 1048 2970 ei
1065 2915 1141 2970 filius
1158 2865 1311 2971 iuiudaea

135 2981 219 3036 adest
232 2981 344 3035 cunctis
353 2981 516 3036 volentibus
525 2981 693 3052 promittens
702 2981 791 3036 vitam
800 2989 954 3048 aeternam,
968 2984 992 3037 si
1001 2984 1131 3050 fecerint,
1145 3002 1217 3054 quae
1230 2984 1310 3038 iubet

134 3049 169 3116 is,
183 3049 233 3119 qui
245 3048 324 3102 misit
335 3048 425 3116 illum,
438 3054 527 3120 pater.
563 3050 740 3120 Quapropter
757 3051 954 3105 convertimini
972 3069 989 3106 a
1001 3052 1187 3107 deterioribus
1204 3052 1241 3107 ad
1253 3069 1309 3106 me·

135 3259 185 3292 om.
204 3241 231 3290 Ο.
252 3267 286 3277 -
309 3236 354 3308 12)
372 3239 414 3290 Sic
431 3239 454 3288 D
472 3255 493 3289 c.
511 3239 587 3304 vulg,
604 3236 652 3291 inl
665 3237 705 3308 τῷ
747 3244 819 3291 Β.-
830 3237 858 3308 8)
869 3241 1020 3292 concinnior
1030 3247 1067 3292 est
1075 3243 1152 3292 lectio
1162 3242 1253 3292 Codri
1265 3237 1310 3293 ὅτι

135 3303 314 3378 ἐγχειρήματι
340 3310 375 3368 Α,
406 3309 472 3373 περὶ
499 3303 531 3358 τὸ
556 3305 703 3376 ἐγχείρημα
746 3303 894 3372 θειότητος
910 3311 990 3378 γέμει
1007 3309 1092 3360 ταῦτα
1109 3303 1258 3360 διδάσκων.
1274 3337 1309 3345 -

135 3379 192 3428 Bc.
208 3405 243 3413 -
265 3372 308 3442 13)
327 3377 403 3426 Voce.
419 3369 486 3425 ἀλλὰ
504 3373 551 3439 τῆς
566 3377 703 3442 προτέρας
746 3372 773 3441 9)
789 3380 867 3426 ποιεῖ
881 3377 910 3423 Β.
927 3403 961 3410 -
982 3373 1025 3442 10)
1042 3370 1211 3426 ἀποιαύνειν
1228 3377 1257 3424 Α,
1275 3401 1309 3412 -

135 3444 246 3502 ἐννοίας
263 3443 367 3508 ἐκείνης
382 3442 527 3492 exciderunt
544 3444 656 3510 exemplo
673 3446 702 3493 Β,
746 3439 790 3510 11)
804 3440 833 3492 dt
846 3442 951 3491 accessit
962 3457 991 3490 ex
1003 3442 1113 3502 ABGD,
1132 3441 1207 3490 Hom.
1220 3441 1237 3489 l.
1250 3457 1270 3490 c.
1283 3447 1309 3492 st

136 3515 221 3570 Quare
232 3513 260 3561 in
273 3511 359 3561 eodem
371 3510 489 3560 librarius
504 3510 610 3560 subinde
628 3528 703 3564 nav·
745 3515 831 3560 nostra
842 3509 912 3574 Epit
929 3535 964 3544 —
985 3505 1028 3574 12)
1041 3502 1081 3572 ἥει
1093 3510 1148 3558 ΑΒ.
1167 3535 1202 3544 -
1220 3503 1263 3576 13)
1276 3525 1308 3576 γε

136 3575 262 3632 adunata
271 3578 386 3628 secundis
396 3578 463 3627 curis
472 3579 578 3628 mutavit
589 3579 616 3628 in
629 3595 701 3630 παν·
745 3595 792 3628 our.
805 3578 836 3628 D.
853 3604 887 3612 —
903 3572 947 3656 14)
967 3577 1097 3646 μεῖζονΑ
1113 3579 1138 3626 et
1149 3573 1180 3626 al.
1194 3591 1233 3644 ap.
1246 3577 1308 3640 Cot,

136 3643 252 3702 τάπησι.
268 3646 451 3712 Transponitur
463 3640 621 3711 ἀποστῆναιι
632 3662 702 3697 παν·
745 3647 842 3715 μεῖζον
854 3661 916 3694 corr.
932 3661 959 3694 m
975 3645 1078 3714 μείζων
1094 3646 1124 3708 B,
1139 3645 1236 3714 μείζον
1249 3640 1307 3714 (sie)

136 3710 340 3767 reineccius.
745 3719 830 3764 noster
850 3714 925 3764 Hom.
947 3713 1019 3774 cod,
1039 3711 1185 3782 μᾶλλονθ
1209 3718 1309 3764 nostrae

186 3783 246 3849 Cap.
260 3783 305 3834 VI.
342 3777 369 3848 1)
388 3781 431 3832 Sic
448 3783 549 3848 reposui
560 3798 590 3832 ex
601 3784 632 3842 A,
643 3798 703 3832 τοι·
745 3775 910 3848 upra-15)
919 3776 1145 3850 ἀποδημούντων
1153 3783 1183 3830 A.
1192 3808 1226 3816 -
1236 3777 1279 3848 16)
1292 3776 1308 3844 ἡ

135 3845 416 3920 αῡταμακρὸνΒΟΙ)
428 3850 496 3913 vulg.
517 3877 552 3886 -
571 3844 649 3915 2)ἆρ
672 3867 702 3900 o·
747 3843 965 3917 pinati-ll)
979 3865 1049 3901 ποτε
1061 3865 1109 3898 οιιι.
1121 3845 1254 3916 1).-18)
1277 3843 1308 3899 τὸ

134 3919 223 3987 μένης
234 3918 264 3967 D.
277 3945 311 3952 —
322 3912 350 3984 3)
363 3912 472 3980 ἀληθῶς
484 3934 531 3966 οιιι.
544 3919 574 3967 A.
586 3943 620 3952 -
655 3911 665 3982 )
679 3916 704 3966 Is
748 3919 777 3967 τί
786 3917 812 3966 O.
832 3917 911 3965 Immo
923 3932 979 3965 cum
995 3920 1094 3966 nostrae
1107 3916 1237 3999 Epitomes
1249 3915 1309 3965 Ood.

136 4002 206 4034 voce.
228 3985 290 4033 ordo
311 3989 349 4034 est
365 3984 441 4034 Godd.
462 3985 564 4034 Aaou
586 3989 611 4033 et
627 3985 703 4034 Hom·
748 3984 832 4035 Ottob.
847 3979 878 4034 τὸ
896 3983 952 4032 heic
964 3990 989 4034 et
1000 3989 1057 4034 ante
1071 3985 1112 4039 τίς
1123 3999 1157 4032 αν
1168 3981 1308 4031 delendum.

135 4053 157 4112 I,
170 4049 187 4101 6
200 4053 299 4101 lavante
315 4052 491 4118 nostraEpit,
505 4050 570 4122 σιγῇ
581 4047 705 4118 βούλημα
799 4052 859 4117 Cap.
872 4051 929 4100 VH.
959 4046 985 4118 1)
1003 4052 1043 4101 Ita
1054 4049 1129 4100 stiam
1139 4049 1214 4098 Hom.
1226 4048 1246 4107 1,
1259 4052 1271 4095 7
1284 4051 1309 4095 et

135 4121 247 4182 vulg.-
255 4117 282 4185 5)
294 4117 440 4176 Ἰουδαίοις
448 4119 560 4168 dedimus
570 4136 600 4169 ex
608 4119 705 4183 ABCD,
747 4123 833 4170 nostra
844 4119 923 4186 apia,
935 4116 987 4170 νῦν
1002 4119 1117 4167 inserunt
1127 4114 1227 4164 ABCD
1240 4117 1265 4162 et
1276 4114 1308 4162 al.

137 4188 214 4236 Hom.
227 4188 244 4236 1.
258 4203 292 4250 c.,
309 4191 396 4237 nostra
413 4187 482 4252 Epit.
499 4191 525 4236 et
540 4189 571 4237 al.
588 4203 627 4252 ap.
641 4187 704 4249 cot,
748 4203 787 4254 ap.
808 4187 861 4238 aot.
884 4213 919 4221 -
941 4181 969 4251 2)
994 4178 1101 4252 πατρὸς
1119 4181 1258 4246 recepimus
1280 4195 1310 4230 ex

135 4250 280 4306 'laudatar
302 4255 369 4318 vulg.
393 4280 428 4289 -
451 4249 480 4322 6)
503 4255 543 4304 Ita
560 4253 706 4321 scripsimus
747 4255 862 4316 ABCD,
882 4254 958 4302 Hom.
975 4252 992 4301 1.
1004 4267 1033 4312 c.‚
1049 4253 1136 4298 nostra
1146 4248 1230 4315 Epit,
1250 4249 1309 4328 Rsp.

138 4323 284 4383 caeco,
300 4323 375 4372 Hom.
387 4322 405 4371 1.
418 4337 447 4384 c.,
459 4322 624 4390 nostraEpit.
637 4326 662 4372 ot
673 4321 705 4370 al.
748 4322 769 4383 I,
791 4319 806 4371 'l
827 4324 852 4369 ct
872 4320 903 4368 el.
925 4335 963 4385 ap.
992 4318 1046 4368 Get.
1070 4343 1105 4352 -
1135 4311 1164 4384 3)
1190 4321 1310 4386 μεταβα-

138 4389 248 4456 apest,
256 4390 351 4459 μέλλει
361 4385 513 4456 vulg-7)
526 4385 707 4453 ἀποδείξηται
749 4389 833 4438 trude
867 4387 938 4447 AB,
983 4381 1179 4453 μεταβαλῆσθε
1214 4383 1241 4434 G.
1276 4410 1311 4422 -
