3126 4894
228 273 292 340 232
698 289 925 340 οιευεετιαι

227 442 329 524 ι’πηυξή
330 452 371 540 θη
385 439 464 513 λαός.
478 466 526 504 και
517 436 683 520 ἀπεστάλη
697 441 763 522 παρ’
778 441 865 505 αὑτου
851 438 1112 546 Αὑφιδιανδς1
1083 466 1099 502 ο
1115 437 1247 546 ἡγεμὼν,
1241 440 1318 512 ὅστις
1328 441 1403 503 πλεί·

225 551 309 598 στους
329 529 386 589 τῶν
404 529 582 606 Χριστιανῶν
600 524 742 608 διαφόροις
758 525 894 609 βασάνοις
914 531 1031 589 ανεῐλεν.
1054 529 1129 626 οριόγ
1148 523 1178 588 δὲ
1206 525 1270 596 τοὺς
1288 524 1404 596 πάντας

226 614 268 714 τρὶ
280 610 422 712 μαρτυρίαν
436 609 508 714 μετὰ
521 613 616 716 χαρᾶς
629 612 863 715 προσερχομένους
877 607 1072 715 παρεχώρησεν
1086 635 1126 688 τῳ
1113 608 1256 691 πλήθει,
1271 607 1356 714 μόνον
1372 606 1404 671 δὲ

227 696 275 760 τόν
291 691 369 798 ἅγιον
384 693 537 775 Κλήμεντα
551 693 675 758 ἐπιθύειν
688 694 768 776 βιαζ’
753 719 860 798 ομευος.
876 720 924 757 και
915 690 1053 758 ι’διὺν’
1019 719 1108 766 ουτως
1122 695 1290 797 ι’δρυμενον’
1274 720 1302 756 εν
1317 694 1404 771 κυρίῳ

227 805 276 842 και
266 775 418 884 καθόλογ
431 780 624 885 μετατεθῆναι
643 779 680 859 μὴ
703 778 866 882 606666666
885 778 954 860 λέγει
968 787 1026 850 τοῖς
1041 779 1155 883 δημίοις·
1177 776 1344 884 λαβόγτες’
1326 801 1404 840 απα-

228 861 326 968 χόγετε
347 862 433 926 αὑτὸν
453 863 548 964 μέσον
562 865 612 970 τῆς
632 861 783 970 θαλάσσης
803 858 850 924 καλ
872 861 995 944 δόσατεῖ
1020 863 1120 966 γιρὸς
1112 862 1161 924 τὸν
1184 863 1289 963 αὑχένα
1314 859 1405 924 αὑτοῦ

229 945 351 1052 ἄγκυραν
365 949 481 1050 σιδηρᾶν
501 941 548 1009 καὶ
566 947 672 1030 ῥίψατε
692 945 777 1010 αὑτὸν
796 949 825 1010 έν
840 971 880 1025 τῳ
867 949 988 1050 6666
992 945 1081 1021 καίτοι,
1102 943 1182 1017 ὅπως
1199 946 1236 1028 66
1256 953 1404 1026 δυνηθεῖεν

228 1057 255 1096 οι
250 1026 433 1111 ’Χριστιανοὶ
448 1029 642 1094 ἀνελέσθαι
616 1055 649 1093 το
664 1033 747 1138 σῶμα
763 1029 849 1094 αὑτοῦ
864 1026 911 1093 καὶ
926 1031 989 1094 α’ντι
981 1025 1075 1093 θεοῦ
1089 1029 1274 1113 66'626666'
1242 1029 1338 1098 αυτόν

313 1113 518 1174 CLXXXIV.
566 1113 724 1220 Τοὺτρυ’
692 1139 741 1177 ουν
762 1115 906 1217 γενομένου
929 1113 1008 1217 οἶμαι
1023 1114 1056 1178 τὸ
1070 1119 1184 1196 πλῆθος
1197 1118 1253 1178 τῶν
1269 1121 1406 1215 Χριστια-

228 1201 283 1263 νῶν
298 1199 326 1262 ἐν
340 1200 380 1277 τοῦ
400 1199 516 1280 αἰγιαλῷ
525 1199 674 1302 παρεστὸς
693 1197 822 1300 ὠδύρετο.
843 1194 891 1261 καὶ
910 1195 955 1262 ἐπὶ
974 1195 1080 1271 τοῦτοις
1094 1200 1171 1262 εἶπεν
1186 1197 1340 1278 Κορνήλιος
1355 1192 1405 1260 καὶ

234 1283 387 1388 Φοῖβος
359 1307 385 1346 οι
403 1278 535 1387 μαθηταὶ
550 1281 646 1346 αὑτοῦ·
661 1281 764 1354 πάντες
777 1280 966 1388 ὁμοθυμαδὸν
981 1281 1172 1365 εὑξώμεθα,’
1156 1308 1203 1345 ινα
1218 1280 1321 1361 δείξη
1308 1308 1392 1386 ημιν
1384 1279 1403 1343 ὁ

229 1363 339 1469 κὺριος
334 1369 384 1430 τοῦ
395 1365 539 1471 μάρτυρος
551 1366 637 1430 αὑτοῦ
652 1365 685 1430 τὸ
699 1368 843 1448 λειιγανον
856 1365 1010 1469 εὑχομένου
1033 1367 1125 1431 τοίνυν
1142 1369 1192 1430 τοῦ
1211 1370 1316 1429 λαοῦ
1301 1363 1404 1446 επεχυό-

229 1475 311 1532 ρησεν
326 1476 343 1531 η
333 1448 539 1515 θάλασσα’
513 1476 553 1522 εις
566 1451 614 1514 τὸν
625 1447 693 1514 ἴδιον
705 1450 836 1514 κόλπον’
820 1447 865 1514 επὶ
876 1451 940 1532 τρία
951 1451 1048 1557 σχεδὸγ
1058 1452 1152 1553 6616·
1168 1477 1215 1514 και
1207 1447 1406 1520 α’σελθόντες

231 1535 277 1598 διίι
298 1534 439 1616 ξηρᾶς’
411 1559 437 1599 οι
458 1528 565 1599 λαολ’
537 1559 616 1639 ευρογ
631 1537 659 1599 ἐν
673 1559 794 1641 σχηματι
816 1538 886 1600 ναοῦ
884 1537 1080 1641 μαρμαρίνου
1105 1533 1205 1640 οἴκημα
1227 1534 1308 1615 νεαρὰ
1329 1537 1406 1597 θεοῦ

229 1618 474 1726 ηὑτρεπισμεῦον,
474 1614 521 1681 καλ
540 1618 645 1682 αὑτόθι
667 1621 788 1700 κείμενον
803 1619 835 1682 τὸ
831 1623 939 1726 σῶμα
953 1623 1002 1682 τοῦ
1021 1619 1101 1702 ἁγίου
1115 1617 1277 1701 Κλήμεντος
1291 1644 1338 1682 και
1353 1618 1406 1700 τἠν

231 1702 363 1785 ἄγκυραν,
376 1695 474 1781 μεθ’
458 1728 492 1782 ης
505 1703 611 1848 ἐρ’ρίγη,
625 1705 741 1784 πλησίον
756 1703 843 1767 αὑτοῦ
857 1703 1024 1785 κειμένην.

315 1785 367 1846 GL
368 1785 553 1846 XXXV'
561 1785 761 1892 έπεκαλὺφθη
772 1791 916 1870 τοιγαροῦν
933 1797 992 1860 τοῖς
1009 1795 1156 1894 μαθηταῖς
1180 1786 1266 1850 αὑτοῦ
1291 1789 1341 1848 τοῦ
1361 1786 1402 1891 66

232 1870 377 1977 ε’κρλαλεῖν1
403 1870 436 1932 τὸ
456 1870 628 1972 λείψανον’
611 1896 642 1933 εκ
660 1875 710 1933 τοῦ
729 1869 829 1934 τόπου·
854 1871 895 1943 οίς
915 1897 962 1934 και
981 1875 1064 1935 τοῦτο
1082 1873 1285 1976 ε’χρηματισθη,
1308 1869 1347 1941 ὡς
1360 1869 1408 1933 ότι

232 1951 342 2032 ἑκόστῳ
355 1951 444 2035 χρόνῳ
460 1952 537 2062 616
551 1951 641 2060 ἡμέρᾳ
656 1957 704 2036 τῆς
719 1952 918 2036 ὑθλήσεως’
885 1957 971 2019 αυτοῦ
985 1953 1156 2060 ὑποχωρήσει
1170 1983 1187 2037 η
1177 1953 1375 2019 θάλασσα’
1359 1981 1407 2018 επι

230 2038 303 2102 έπτὺι
303 2035 426 2142 η’μερας
443 2047 501 2109 τοῖς
521 2039 673 2119 ἐρχομένοις
689 2039 776 2143 ξηρὰν
790 2040 905 2120 πορειλιιν
923 2040 1131 2147 παρασχομένη.
1154 2039 1223 2121 ὅπερ
1237 2041 1277 2112 εἰς
1291 2039 1407 2102 ἔπαινον

230 2125 281 2185 τοῦ
272 2121 435 2226 όνόμμτος
449 2121 537 2185 αὑτοῦ
552 2121 725 2228 εὑδόκησεγ
712 2149 729 2186 ο
744 2122 833 2201 κὺριος
845 2125 977 2204 γενέσθαι
989 2126 1067 2228 μέχρι
1080 2129 1130 2206 τῆς
1144 2123 1262 2205 σήμερον
1277 2121 1409 2232 666'664.²

231 2205 331 2269 τοὺτου
345 2203 375 2268 δὲ
388 2203 532 2310 γεγονότος
545 2204 642 2269 πάντα
655 2207 693 2270 τὰ
708 2207 845 2312 κυκλόθεγ
861 2208 963 2313 ἔθηχ’
947 2210 1112 2272 επίστευσαν
1127 2235 1166 2288 τῳ
1154 2212 1307 2287 Χριστῷ.
1328 2207 1408 2312 ἔγθα

231 2287 321 2363 οὑδεις
332 2288 438 2371 Ἕλλην,
453 2286 542 2362 οὑδελς
555 2287 692 2394 Εβραῑος,
707 2287 833 2364 οὑδελς
806 2316 839 2355 το
850 2290 989 2395 παράπαν
1001 2289 1153 2374 εὑρίσκεται
1164 2291 1306 2374 αι’ρετικός.
1321 2291 1408 2374 γίνον-

232 2400 280 2439 ται
299 2373 353 2458 γὰρ
371 2376 458 2438 ἐκεῖσε
476 2373 649 2438 πλεῖσται’
615 2375 782 2483 ευεργεσίαι
803 2373 900 2482 τγφλοὶ
921 2377 1125 2484 φωτιῖονται’
1109 2405 1137 2442 εν
1156 2381 1190 2458 τῇ
1212 2377 1293 2456 ἑορτῇ
1309 2375 1409 2449 αὑτοῦ,

233 2459 362 2541 δαίμονες
375 2456 621 2533 ὑπελαὺνονται,’
608 2463 738 2564 ριγοῦγτις
750 2458 928 2565 ὑγιαίνουσιν,
948 2463 977 2524 οἱ
992 2472 1051 2533 τοῖς
1064 2471 1175 2566 νεφροῖς
1185 2460 1343 2542 ε’ταζόμενοι
1357 2485 1410 2523 και

234 2543 430 2615 λιθιῶντες’
393 2569 463 2645 μογη
478 2546 513 2624 τῇ
527 2569 577 2606 του
564 2541 774 2649 λειψόγου’
741 2547 827 2608 αυτοῦ
846 2544 1023 2650 προσψαὺσει
1037 2572 1084 2608 και
1076 2542 1203 2618 ὕδατος
1217 2544 1410 2648 ἁγιασθέντος

234 2631 374 2710 ῥαντισμοῦ
394 2622 441 2691 καλ
456 2627 537 2690 πόσει
556 2629 606 2690 τοῦ
619 2627 776 2731 γοσήματος
791 2628 970 2704 ὑπολόονται,
986 2629 1167 2734 αἰλγυνόμενμί
1182 2655 1212 2692 τε
1226 2628 1299 2708 νόσῳ
1314 2627 1409 2732 οἱιγδίγ

234 2736 303 2776 ποτε
317 2712 390 2816 πρὸς
403 2711 452 2817 τλγγ
466 2717 516 2776 τοῦ
510 2710 726 2814 ἱερομαίρτυρος
740 2711 962 2820 καταφεύγοντες
976 2713 1161 2819 δοὴθειαΝ
1131 2739 1233 2786 ιασεως
1248 2711 1409 2777 ὑπολαὺου

234 2819 285 2860 σιν.
300 2821 348 2860 και
339 2791 516 2876 Ηδιαμενει
503 2823 519 2878 η
542 2795 665 2870 δόξα’
632 2801 719 2898 αμτοῦ
737 2793 784 2860 καί
804 2795 821 2859 ὁ
840 2798 952 2870 ἔπαινος
967 2799 1006 2870 είς
1024 2794 1069 2862 αίει
1089 2798 1135 2904 66
1149 2803 1199 2862 τοῦ
1222 2799 1314 2879 κυρίου
1329 2795 1410 2897 ἡμῶν

235 2880 323 2960 Ἰησοῦ
343 2883 482 2961 Χριστου,
502 2879 535 2942 δι
555 2873 589 2943 οὗ
608 2876 655 2943 καλ
668 2882 734 2982 μεθ’
751 2875 784 2984 οῦ
786 2885 843 2984 τιῦ
848 2879 949 2984 πατρὶ
964 2911 980 2964 η
971 2880 1119 2985 ’δόξα
1091 2907 1140 2946 συν
1155 2886 1196 2961 τῷ
1214 2882 1343 2988 πμναγιήγ
1359 2877 1411 2943 καὶ

237 2963 415 3042 ζωοποιῷ’
378 2967 465 3026 αυτοῦ
478 2962 613 3044 πνεύματι
626 2968 674 3027 νῦν
689 2961 734 3027 καί
750 2959 795 3028 ιἰελ
809 2961 856 3028 καλ
871 2967 910 3036 εἰς
921 2967 986 3038 τοῦς
1002 2969 1107 3040 αιἰόνας
1122 2971 1178 3031 τιῦν
1191 2965 1308 3031 αἰώνων.
1324 2963 1409 3046 ἀμην.
