3126 4894
581 323 736 374 11110111
754 325 897 376 nunnus.
1265 311 1323 374 141

145 470 299 550 voluptate
313 485 347 522 ex
365 467 499 540 coniugio
517 476 708 588 procurarent.
746 471 812 542 Ipse
832 471 918 526 etiam
932 471 1009 525 solus
1022 477 1067 526 est
1079 479 1189 526 creator
1199 474 1323 528 omnium

146 537 332 591 sensibilium
344 543 429 605 atque
444 537 517 588 intel
532 537 682 608 igibilium.
774 563 777 572 =

215 604 356 658 XXXVI.
393 604 471 667 Quae
492 621 555 657 cum
572 604 674 657 Petrus
693 605 813 659 dixisset
835 623 867 659 ac
891 605 926 659 de
943 605 1075 675 operibus
1093 605 1150 659 Dei
1169 607 1322 675 docuisset,

165 679 313 742 nautaque
326 689 343 726 a
355 671 419 726 Deo
431 671 539 725 homini
553 672 610 725 sint
623 673 742 739 donata,
765 691 828 727 cum
848 691 884 726 ue
897 675 987 727 multa
998 673 1156 728 monuisset
1168 676 1203 728 de
1215 693 1323 730 monar-

146 757 162 794 c
185 741 227 806 ia,
249 740 348 795 Simon
365 746 445 794 extra
461 739 573 793 turbam
591 757 661 794 voce
679 758 784 812 magna
801 690 878 794 init:
908 742 983 804 Quid
995 741 1158 796 adstantem
1169 742 1224 796 tibi
1236 743 1323 813 impe-

144 809 232 862 ritam
245 807 459 861 multitudinem
471 807 515 860 111
527 807 692 862 mentiendo
706 809 851 879 decipere,
870 807 935 860 dum
948 809 1102 878 persuades
1116 809 1157 876 ei,
1173 809 1253 863 Deos
1270 829 1323 866 nee

145 875 282 930 arbitrari
294 875 405 929 licitum
419 891 557 941 1111111
571 875 675 942 dicere,
689 893 751 928 oum
763 876 872 945 publici
882 875 1050 929 Iudaeorum
1064 875 1130 930 libri
1142 877 1246 930 multos
1260 895 1323 932 esse

145 945 227 997 Deos
241 938 428 997 asseverent?
450 940 490 995 At
507 959 573 1002 vero
592 961 668 996 nunc
682 961 775 996 coram
788 943 918 997 omnibus
932 961 965 996 ex
979 945 1013 997 iis
1026 945 1107 998 libris
1120 949 1214 998 tecum
1228 945 1322 1016 dispu-

144 1019 207 1066 tare
220 1011 288 1064 volo
302 1011 337 1064 de
350 1027 393 1076 eo,
407 1010 482 1079 quod
494 1009 572 1064 Deos
586 1011 708 1064 existere
722 1011 760 1063 sit
772 1011 1003 1064 existimandum:
1019 1017 1049 1066 et
1060 1012 1139 1081 prius
1152 1011 1187 1066 de
1202 1028 1235 1065 eo
1247 1012 1321 1080 Deo,

145 1078 403 1200 qigmti’mtulssti’
417 1077 572 1156 ostendens
585 1095 649 1131 eum
661 1096 718 1132 non
731 1095 794 1133 esse
807 1096 965 1150 supremam
978 1097 1012 1134 ac
1025 1079 1249 1158 omnipotentem
1260 1099 1323 1150 pro·

145 1167 175 1200 v1
197 1165 236 1201 en
251 1165 308 1200 ram
360 1163 408 1200 ura
425 1163 463 1197 rm

143 1216 253 1282 bonus,
274 1162 373 1268 moitis
392 1163 518 1266 millibus
541 1213 731 1282 gravibusque
750 1213 895 1267 subiectus
917 1214 1078 1268 affectibus.
1113 1213 1197 1268 Unde
1218 1213 1271 1268 hac
1292 1233 1322 1270 re

144 1283 345 1336 demonstrata
357 1299 391 1335 ex
405 1280 574 1349 Scriptum,
594 1281 829 1350 quemadmodum
847 1298 901 1352 ego
919 1297 1029 1347 assero,
1049 1287 1140 1334 restat
1152 1288 1185 1335 ut
1198 1282 1236 1334 sit
1248 1283 1321 1336 alius

144 1351 175 1404 in
188 1349 338 1420 Scriptura
349 1367 405 1402 non
420 1354 664 1414 commemoratus,
676 1351 822 1430 praescius
835 1348 1000 1415 futurorum,
1013 1348 1167 1418 perfectus,
1180 1367 1237 1403 non
1249 1349 1322 1403 indi-

143 1435 229 1489 gens,
241 1419 344 1483 bonus,
356 1416 392 1470 ab
405 1415 535 1469 omnibus
548 1415 631 1468 malis
643 1415 796 1469 aflectibus
809 1416 894 1483 liber3
912 1416 962 1468 ille
974 1424 1078 1482 autem,
1092 1429 1175 1486 quem
1188 1417 1321 1486 loqueris,

143 1485 273 1538 mundio
296 1484 355 1536 ifex
367 1483 516 1536 contrariis
530 1483 678 1552 oppositus
692 1490 744 1537 est.

213 1551 273 1604 XX
304 1551 368 1606 vss.
405 1549 508 1604 Statim
521 1567 589 1621 ergo
601 1550 649 1630 qui
662 1551 699 1604 ad
716 1551 777 1604 eius
790 1549 1006 1604 similitudinem
1019 1549 1113 1604 factus
1127 1555 1172 1603 est
1183 1548 1319 1618 ridemus,

143 1621 233 1674 etiam
247 1637 350 1674 caecus
363 1623 475 1672 creatur
487 1623 516 1671 et
529 1619 722 1689 cognitionem
734 1618 803 1672 boni
814 1618 861 1671 vel
879 1617 947 1670 mali
963 1635 1019 1672 non
1035 1617 1171 1672 habuisse
1189 1619 1319 1685 traditur,

143 1695 173 1742 et
197 1694 395 1758 transgressor
418 1686 575 1751 invenitur,
604 1691 634 1740 et
658 1686 772 1739 eiicitur
795 1701 810 1740 e
871 1684 966 1739 radiso
990 1692 1135 1755 morteque
1158 1686 1319 1740 mulctatur.

142 1755 239 1810 Simili
251 1771 363 1824 quoque
376 1754 468 1820 modo,
482 1753 530 1823 qui
543 1751 626 1806 finxit
638 1753 728 1820 11111111,
742 1771 817 1824 quan
838 1753 971 1822 oquidem
982 1753 1107 1823 undique
1120 1771 1176 1807 non
1187 1754 1276 1821 videt,
1290 1753 1320 1808 in

142 1823 331 1880 Sodomorum
343 1821 431 1876 exitio
443 1820 499 1874 ait:
530 1822 619 1874 Venite
637 1829 661 1874 et
679 1824 866 1874 descendentes
883 1821 1038 1888 videamus,
1056 1823 1252 1875 onsecrandum
1265 1823 1291 1875 cl
1311 1853 1320 1861 -

141 1909 247 1944 morem
260 1892 392 1960 ipsorum,
406 1891 454 1957 qni
465 1891 505 1941 od
515 1891 645 1955 mevenit,
678 1889 819 1956 ofidelem
833 1889 877 1941 sin
891 1890 981 1941 minua
993 1898 1023 1941 ut
1034 1890 1135 1955 actam,
1148 1894 1177 1942 et
1189 1888 1320 1960 ignarum

143 1976 174 2012 se
192 1958 329 2012 ostendit.
365 1956 403 2008 Et
420 1974 483 2010 cum
504 1955 575 2009 dicit
594 1956 629 2009 de
675 1956 770 2011 demo:
795 1957 953 2009 Eiiciamna
970 1974 1042 2024 eum,
1063 1975 1095 2010 ae
1109 1959 1190 2025 forte
1211 1965 1320 2009 extensa

142 2044 229 2079 mann
242 2043 294 2078 ruo
307 2026 426 2092 1111111911
437 2026 542 2092 lippum
553 2025 626 2076 citae
638 2033 662 2078 et
674 2025 805 2091 comedet,
819 2033 843 2076 et
855 2025 925 2076 vivet
936 2025 966 2076 in
978 2032 1116 2077 oeternum
1123 2045 1134 2091 ,·
1153 2023 1275 2077 dicendo
1287 2042 1320 2076 ne

137 2097 227 2161 forte,
239 2093 370 2163 ignorat3
383 2091 516 2145 addendo
526 2095 630 2157 autem,
643 2110 676 2144 oe
682 2093 760 2158 forte
772 2091 913 2144 comedens
922 2093 998 2144 cinai
1009 2092 1039 2144 in
1048 2100 1196 2158 oeternum,
1209 2090 1320 2144 invidet

145 2177 267 2230 quoque.
304 2158 374 2212 Cum
389 2159 526 2228 scriptum
540 2164 595 2212 est:
615 2162 712 2214 Secum
725 2160 861 2228 reputavit
874 2162 958 2226 Deua,
973 2160 1045 2227 qnod
1049 2159 1166 2226 feriaret
1177 2161 1319 2226 hominem,

144 2234 173 2281 et
184 2227 367 2298 poenitentia
380 2226 492 2280 ducitur
504 2231 534 2279 et
546 2225 672 2296 ignorat:
692 2242 757 2278 nam
770 2226 851 2291 illud,
864 2245 953 2279 aecum
966 2228 1116 2294 reputavit,
1129 2225 1319 2280 consideratio

144 2301 199 2362 est,
213 2312 270 2365 qua
282 2293 388 2363 aliquis
401 2293 437 2347 ob
450 2311 546 2347 eorum
560 2311 631 2362 quae
645 2293 725 2363 cupit
738 2293 946 2364 ignorationem
959 2291 1044 2346 finem
1058 2293 1214 2363 diligenter
1224 2294 1318 2362 explo-

142 2379 204 2418 rare
216 2363 294 2428 vult,
313 2366 362 2415 aut
380 2361 514 2416 convenit
531 2377 593 2415 eam
610 2361 646 2414 ob
662 2377 721 2414 rem
739 2361 916 2430 poenitenti,
934 2377 1006 2428 quae
1019 2377 1076 2413 non
1088 2359 1243 2412 secundum
1256 2376 1318 2412 sen-

143 2430 265 2485 tentiam
277 2428 410 2500 contigit.
445 2429 527 2492 Quod
539 2429 626 2483 etiam
639 2429 775 2496 scriptum
788 2433 845 2480 est:
868 2436 892 2480 et
904 2429 1036 2479 odoratus
1049 2435 1088 2478 est
1102 2428 1240 2478 Dominus
1253 2427 1317 2478 odo·

143 2517 200 2552 rem
212 2499 362 2552 suavitatis
379 2496 538 2568 indigentis
556 2503 613 2563 est,
632 2502 661 2550 et
677 2495 775 2548 nidore
793 2493 919 2548 earnium
936 2493 1088 2559 delectari,
1107 2509 1163 2545 non
1181 2498 1226 2546 est
1241 2492 1318 2546 boni.

144 2565 271 2620 Tentare
284 2575 392 2630 autem,
409 2564 483 2618 sicut
496 2565 632 2644 scriptum
646 2568 703 2628 est,
723 2571 747 2614 et
759 2563 870 2614 tentavit
881 2561 1020 2614 Dominus
1032 2561 1236 2626 Abrotonum,
1249 2559 1318 2613 mali

145 2640 188 2687 est
199 2651 234 2687 ac
249 2633 319 2698 eius,
352 2631 381 2684 ui
394 2631 507 2702 ignoret
520 2637 626 2686 exitum
638 2629 804 2700 patientiae.

210 2699 328 2754 XXXV
359 2699 380 2752 I.
417 2699 520 2769 Sicque
537 2698 633 2753 Simon
649 2697 747 2752 multis
764 2714 799 2750 ex
816 2694 961 2764 Scriptura
977 2695 1049 2748 locis
1066 2693 1221 2763 assumptis
1238 2693 1316 2747 vide·

143 2768 229 2822 batur
240 2767 370 2838 probare,
383 2766 477 2821 Deum
490 2767 566 2821 omni
578 2764 755 2846 perpessioni
767 2780 830 2818 csse
844 2763 1002 2817 obnoxium.
1032 2761 1070 2814 Et
1082 2761 1183 2814 Petrus
1197 2760 1316 2814 adhaec

145 2836 232 2888 dixit:
259 2834 412 2904 Responde
430 2834 512 2900 mihi,
534 2852 571 2887 an
588 2851 636 2902 qur
653 2833 743 2887 malus
760 2849 794 2886 ae
830 2831 896 2886 lane
913 2829 1061 2900 improbus
1074 2833 1131 2894 est,
1153 2829 1317 2906 nullatenus

144 2904 216 2957 velit
230 2919 261 2956 se
274 2903 284 2954 i
308 2919 337 2955 11
350 2903 468 2972 aiguere
482 2901 560 2954 iniis
574 2918 645 2970 quae
658 2906 769 2971 peccat.
804 2850 965 2980 Respondit
978 2897 1088 2952 Simon:
1108 2895 1225 2950 Minime
1237 2895 1316 2948 veht.

144 2970 266 3050 Excepit
283 2921 398 3023 iebus:
429 2969 575 3033 Quomodo
593 2969 682 3049 igitur
702 2967 793 3021 malus
817 2985 851 3020 ac
869 2966 1012 3036 1mprobus
1031 2981 1093 3019 esse
1114 2969 1210 3034 potest
1226 2963 1316 3030 Deus,

144 3055 207 3092 eum
220 3038 311 3106 rpsius
324 3037 472 3090 voluntate
486 3037 635 3106 opprobrra
648 3037 677 3088 in
689 3037 770 3089 illum
784 3035 946 3104 conscripta
959 3033 1073 3103 publice
1091 3033 1225 3102 apposita
1237 3031 1317 3084 sint?

144 3104 187 3160 Ac
201 3105 312 3161 Simon:
331 3104 410 3158 Fieri
421 3109 532 3174 potest,
551 3110 583 3156 ut
596 3103 674 3156 illius
686 3102 869 3173 reprehensio
882 3107 980 3156 contra
993 3102 1002 3153 i
1024 3102 1083 3154 sius
1097 3100 1269 3160 sententiam
1281 3099 1317 3152 ab

143 3175 202 3228 alia
214 3173 321 3226 virtute
335 3172 373 3224 sit
387 3172 501 3241 scripta.
536 3171 619 3224 Dixit
635 3171 751 3225 Petrus:
779 3171 902 3223 Primum
921 3186 989 3239 ergo
1003 3119 1058 3222 icc
1077 3185 1250 3236 quaeramus.
1288 3165 1317 3219 Si

144 3259 198 3362 ill
208 3241 278 3362 111
280 3239 500 3361 titillet
511 3237 706 3360 illidit
727 3234 1262 3372 llqillllllbttlfttlttz’li
1274 3249 1317 3350 ft

344 3345 351 3375 1
703 3345 709 3372 l

142 3443 343 3457 —2————

143 3532 232 3600 μένην
245 3532 275 3592 0,
291 3535 321 3580 ut
332 3531 395 3580 Gen.
409 3527 449 3590 18,
458 3526 505 3590 21,
523 3529 598 3578 Hom.
606 3529 654 3589 ΠΙ,
667 3524 708 3578 39.
753 3525 797 3588 14)
811 3528 871 3577 Lev.
885 3521 965 3590 3,17.
981 3522 1029 3574 ἐπὶ
1045 3523 1126 3590 κνίσῃ
1143 3519 1191 3568 scri
1209 3521 1316 3567 11111111

144 3599 213 3665 Epit.
227 3614 248 3647 c.
261 3593 348 3648 31-
365 3594 393 3712 33
405 3595 527 3647 δείκνυσι
542 3598 571 3646 0,
585 3623 618 3631 -
636 3593 662 3654 4)
677 3591 708 3646 rb
753 3595 872 3645 Codicum
885 3593 944 3644 OV.
957 3615 990 3628 -
1004 3583 1175 3666 15111111,
1189 3535 1212 3664 p:

145 3667 176 3716 V.
197 3693 232 3702 -
252 3663 279 3730 5)
297 3666 360 3714 Gen.
395 3659 464 3744 {22¹
485 3691 518 3698 —
538 3660 565 3721 61
585 3658 708 3712 11111.-
804 3662 864 3728 Cap.
877 3657 1025 3712 XXXVIII.
1052 3651 1315 3722 1)Srccorr1goleot.

144 3729 312 3790 11111-
333 3729 360 3788 8)
374 3747 405 3780 w
419 3729 450 3780 di
462 3747 499 3796 pr.
512 3732 557 3780 καὶ
569 3729 610 3795 τῷ
623 3727 652 3790 0,
665 3731 710 3780 καὶ
752 3729 850 3780 Codicis
872 3730 892 3778 Ο
915 3726 975 3784 πῶς
997 3724 1108 3792 ἐλέγχει,
1130 3721 1157 3771 11
1175 3723 1207 3783 V,
1231 3721 1315 3781 Hom,

144 3793 708 3866 τὸ1.-9)111.6,6.-1111111111-
752 3797 822 3863 Epit.
853 3795 975 3862 ἐλέγχειν
1003 3809 1028 3858 p.
1058 3789 1118 3846 πῶς
1146 3788 1191 3840 111
1203 3804 1258 3854 χει.
1282 3814 1316 3868 7

144 3868 260 3936 λωμένῳ
276 3867 306 3927 V,
318 3865 555 3943 μεταμελομένου,
571 3863 708 3928 quodpen-
751 3861 776 3925 2)
791 3863 914 3934 δημοσίᾳ
929 3860 1072 3930 γραφέντα
1090 3873 1178 3922 nocer
1193 3861 1230 3919 θη
1250 3872 1317 3907 noan

144 3934 186 3984 det
206 3951 222 3984 a
242 3949 303 3984 voce
325 3935 432 3997 σκέψις,
455 3949 483 3980 11
506 3933 581 3980 Hom.
603 3931 710 3980 coniecit
752 3931 813 3980 ordo
833 3946 900 3982 voce,
921 3931 948 3978 in
967 3927 1026 3978 Ord.
1050 3952 1084 3961 -
1106 3920 1134 3990 3)
1158 3918 1227 4036 [perid.
1250 3921 1316 3984 quod

144 4003 271 4052 Davisius.
292 4029 325 4036 -
348 3999 390 4059 ll)
410 3994 505 4068 κύριος
522 3999 572 4047 des.
589 3998 616 4047 in
635 3999 664 4047 0.
677 4025 710 4032 -
752 3998 822 4048 deest
833 3999 860 4047 in
873 3998 931 4059 OV,
950 3994 1014 4043 addo
1026 4008 1056 4042 ex
1068 3993 1139 4056 Eprt.
1152 3987 1202 4038 c.3
1221 4023 1227 4035 .
1262 3989 1315 4035 Neo

146 4067 186 4131 12)
208 4071 271 4120 Gen·
296 4065 321 4131 8,
342 4063 383 4118 21·
413 4095 447 4104 -·
470 4061 514 4126 13)
537 4063 597 4116 ion
622 4065 650 4114 0.
675 4091 709 4100 -
752 4070 835 4115 tamen
846 4079 931 4114 omnes
940 4059 1021 4112 nostri
1033 4059 1153 4126 epitomes
1167 4053 1243 4104 Godd.
1257 4068 1314 4118 par-

1110 4236 1152 4278 10⁸

483 1145 598 1198 rovidus
619 1146 775 1199 futurorum
796 1152 853 1213 est,
876 1146 1072 1216 imperfectus,
1095 1147 1243 1217 indigens,
1264 1167 1331 1203 non*

1399 849 1410 892 Ι
