3126 4894
584 339 897 392 ermeneumata.
1264 325 1325 390 129

141 485 322 568 proficiscar.
357 485 404 542 Ita
413 484 485 554 mihi
497 484 669 542 deliberanti
686 486 804 540 multum
818 487 854 541 ob
867 487 1034 542 dilationem
1047 489 1182 559 temporis
1214 497 1320 546 raeter-

143 555 198 621 1it,
221 572 287 608 eum
304 552 423 607 huiusce
441 553 518 608 vitae
538 553 657 626 negotia
676 552 754 608 haud
773 553 860 609 facile
883 555 1010 626 expediri
1031 562 1157 626 possent.
1193 508 1323 612 iarden

144 639 217 694 ergo
230 622 310 676 vitae
325 621 490 676 conditione
503 638 655 692 perpensa,
671 621 746 692 quod
759 639 808 692 spe
822 622 971 692 implicans
988 622 1194 678 festinantibus
1206 624 1323 680 insidie-

143 695 203 755 tur,
216 689 287 759 quin
297 689 385 743 etiam
395 694 531 758 quantum
543 689 679 759 temporis
687 689 757 744 mihi
770 707 820 760 spe
834 688 924 764 [vana]
939 690 1065 744 sollicito
1076 692 1219 762 perditum
1228 691 1322 759 iverit,

144 757 282 878 quledque
300 757 343 810 aie
354 756 489 877 (lirrppipes
507 757 565 811 otio
583 757 883 878 vacantescmorimur,
900 765 1009 878 ptuncta
1023 775 1090 838 mea
1107 765 1190 828 prout
1208 759 1324 816 stabant

143 841 450 972 tertiaeet
459 841 725 972 tantillula,
739 843 900 946 ..utute
911 844 975 948 13¹3,
985 843 1323 965 terrenitate?

145 978 218 1014 sum.
255 958 315 1014 Ubi
331 964 480 1014 ventorum
498 965 713 1030 rmportumtate
733 960 865 1013 detentus
883 960 920 1014 ad
936 959 1121 1031 philosophos
1132 963 1322 1028 ventitabam,

144 1027 311 1097 famamque
324 1033 410 1096 atque
424 1043 566 1082 sermones
578 1027 673 1095 illius,
691 1027 740 1098 qui
752 1027 859 1082 Romae
872 1028 949 1082 visus
963 1029 1069 1096 furerat,
1082 1028 1247 1085 referebam.
1283 1029 1323 1084 At

144 1095 191 1150 illi
207 1095 430 1164 responderunt:
448 1093 521 1156 Eum
538 1095 667 1175 quidem,
683 1095 730 1166 qni
747 1093 854 1150 Romae
872 1097 1018 1176 apparuit,
1036 1097 1192 1164 nescimus3
1214 1101 1249 1152 de
1270 1098 1322 1152 illo

144 1168 254 1228 autem,
268 1161 317 1231 qni
329 1162 360 1216 in
368 1161 476 1217 Iudaea
489 1163 570 1234 degit
581 1179 616 1218 ae
628 1161 705 1218 filius
714 1163 771 1217 Dei
784 1163 859 1218 fama
869 1163 982 1232 d1ertur,
996 1181 1030 1218 ex
1041 1165 1139 1218 multis
1151 1165 1321 1232 audivimus,

145 1229 196 1310 qpi
209 1229 451 1348 illinedvenerunt,
465 1230 556 1301 deque
568 1229 709 1298 omnibus,
722 1247 794 1302 quae
807 1231 949 1302 loquendo
960 1237 1070 1302 patrat,
1083 1232 1228 1287 miraculis
1240 1248 1321 1287 acee-

146 1314 295 1418 middin
306 1303 433 1435 (iblrbliqede
446 1364 584 1419 dicerem:
603 1363 715 1419 Vellem
727 1364 852 1422 incidere
865 1365 895 1418 in
907 1365 1040 1444 aliquem,
1053 1365 1103 1436 qni
1115 1382 1178 1420 eum
1189 1365 1320 1432 vidisset,

146 1433 249 1487 statim
266 1432 406 1486 duxerunt
422 1449 466 1487 me
487 1432 631 1487 dieentes:
649 1432 742 1486 Adest
758 1433 887 1503 quidam,
908 1449 956 1502 qur
978 1451 1042 1489 eum
1057 1451 1114 1488 non
1132 1434 1222 1488 solum
1237 1433 1320 1500 vidit,

146 1501 200 1556 sed
211 1499 303 1554 etiam
312 1500 394 1554 illine
406 1501 540 1556 oriundus
553 1506 607 1566 est,
620 1499 663 1554 vir
674 1499 849 1556 honorabilis
859 1501 971 1554 nomine
981 1500 1138 1568 Barnabas,
1170 1500 1200 1554 ui
1213 1518 1243 1556 se
1253 1519 1320 1572 quo·

145 1585 202 1640 qne
214 1567 259 1622 ait
275 1585 362 1622 unum
374 1584 437 1622 esse
450 1585 484 1624 ex
501 1567 579 1622 illius
593 1567 756 1638 discipulis,
778 1576 807 1622 et
824 1567 889 1622 heic
906 1568 1009 1622 sedens
1025 1586 1117 1622 rerum
1133 1519 1170 1623 ai
1182 1569 1245 1648 ipso
1258 1587 1320 1640 pro·

144 1637 299 1690 missarum
321 1652 463 1690 sermones
478 1636 642 1690 volentibus
658 1641 787 1706 prompte
803 1635 898 1690 refert.
933 1635 971 1688 Et
989 1635 1104 1706 quidem
1120 1653 1183 1690 eum
1201 1636 1238 1688 ris
1253 1635 1321 1690 abii.

144 1703 190 1757 Ac
203 1721 269 1757 eum
282 1703 488 1774 pervenissem,
507 1703 591 1757 simul
607 1721 671 1757 eum
688 1704 821 1758 adstante
837 1703 1021 1758 multitudine
1034 1705 1116 1771 steti,
1132 1711 1166 1758 ut
1178 1719 1321 1758 sermones

144 1771 286 1826 audirem.
319 1771 359 1826 Et
373 1771 519 1838 intellexi,
537 1788 605 1825 vera
621 1789 685 1826 eum
701 1789 759 1826 non
777 1771 931 1826 dialectiea
946 1772 1129 1838 medicare,
1149 1770 1320 1840 sedeboque

145 1839 262 1894 malitia
274 1843 304 1892 et
334 1841 532 1910 raeparatione
542 1855 576 1893 ex
598 1855 692 1906 onere,
705 1856 777 1909 quae
789 1839 919 1894 audierat
929 1845 958 1893 et
970 1841 1081 1894 viderat
1093 1857 1111 1894 a
1122 1839 1179 1894 Dei
1189 1838 1259 1906 filio,
1272 1838 1320 1910 qui

146 1906 292 2029 apparuitl,
307 1912 384 2028 tacta
396 1913 426 1962 et
439 1907 543 2028 dicta.t
578 1906 666 2028 bultop
679 1913 773 2028 auttentr
790 1913 880 2027 testpis
895 1907 1092 2028 mtiraeulorum
1106 1922 1320 1976 sermonumque

146 1993 164 2030 a
198 1990 445 2028 eoreaorumex
489 1991 787 2029 sauraasrsene
819 1991 941 2029 rouxr.

216 2043 254 2094 X.
283 2041 360 2095 Cum
377 2059 444 2096 vero
457 1993 498 2112 iio
518 2043 582 2095 ulus
600 2042 743 2112 simplicia
760 1994 822 2096 eiups
846 2042 925 2097 dieta
942 2042 1067 2096 libenter
1083 2042 1208 2109 audiret,
1249 2041 1320 2096 hilo-

146 2108 232 2180 sophi
245 2127 309 2163 cum
321 2109 405 2189 huius
417 2061 516 2163 mundi
530 2109 692 2189 eruditione
702 2116 923 2189 prorumpentes
938 2111 1066 2166 deridere
1079 2123 1143 2166 eum
1155 2128 1190 2166 ac
1203 2060 1320 2166 subsan-

145 2194 216 2232 nare
224 2183 438 2259 aggressrsunt,
447 2178 599 2232 immodrea
607 2177 728 2234 audacra
737 2179 907 2234 cavillantes
916 2185 1002 2248 atque
1011 2179 1122 2248 probris
1131 2179 1318 2244 incessentes,

147 2245 328 2316 syllogismis
344 2245 390 2298 usi
410 2245 500 2300 veluti
517 2245 630 2320 magnis
646 2245 739 2299 armis.
775 2246 829 2300 Ille
848 2263 914 2300 vero
931 2263 1023 2318 nugas
1041 2263 1136 2301 eorum
1148 2247 1320 2318 propellens,

146 2321 281 2367 versutae
303 2313 427 2392 ipsorum
449 2311 666 2383 interrogationi
684 2332 741 2367 non
760 2313 964 2383 respondebat,
986 2313 1038 2367 sed
1057 2314 1172 2368 minime
1188 2313 1320 2367 turbatus

147 2397 307 2434 sermonem
319 2379 481 2433 institutum
490 2380 722 2450 persequebatur.
745 2382 783 2434 Et
792 2381 875 2434 modo
885 2381 999 2450 quidam
1009 2397 1043 2434 ex
1052 2397 1085 2435 eo
1095 2381 1259 2450 quaerebat,
1272 2397 1322 2434 cur

146 2448 190 2502 ita
200 2447 298 2502 factus
311 2453 388 2502 esset
401 2448 497 2514 culex,
510 2454 542 2501 ut
554 2465 618 2502 cum
630 2447 776 2502 minimum
789 2448 858 2518 quid
871 2449 922 2513 sit,
935 2453 1031 2504 tamen
1044 2464 1093 2502 sex
1104 2448 1193 2517 pedes
1205 2446 1320 2512 habeat,

147 2517 267 2585 insuper
279 2516 339 2570 alas
352 2520 444 2586 gerat,
458 2515 574 2586 elephas
586 2532 653 2570 vero
676 2515 841 2569 animalium
852 2515 1003 2569 maximum
1016 2531 1079 2568 cum
1089 2519 1186 2568 careat
1198 2513 1263 2578 alis,
1277 2529 1320 2568 so·

147 2583 293 2638 lummodo
310 2583 470 2653 quadrupes
489 2583 602 2637 existat.
637 2554 692 2636 lile
710 2588 806 2636 autem
821 2588 887 2662 post
899 2581 1151 2652 interrogationem
1164 2597 1320 2659 sermonem

145 2668 295 2704 resumens
308 2651 509 2719 interruptum,
526 2649 608 2722 quasi
620 2650 657 2704 ad
695 2655 918 2704 ereontatronem
929 2648 1134 2718 respondisset,
1146 2654 1321 2727 proposrtum

147 2719 205 2772 sibi
218 2719 255 2772 ab
268 2717 352 2772 initio
363 2734 521 2772 sermonem
533 2718 662 2787 repetiit,
702 2735 735 2772 oc
751 2718 812 2771 solo
823 2723 907 2771 utens
919 2717 1062 2788 prooemio
1095 2732 1125 2769 er
1137 2714 1266 2786 singulas
1279 2714 1320 2768 in·

145 2785 380 2856 terpellationes:
399 2785 490 2840 Nobis
509 2785 710 2840 demandatum
729 2785 903 2840 solummodo
921 2793 979 2850 est,
997 2791 1029 2838 ut
1041 2735 1122 2838 vobis
1136 2799 1278 2837 sermones
1291 2787 1320 2838 et

145 2853 293 2908 mirabilia
305 2858 388 2924 gesta
401 2853 489 2919 illius,
503 2853 551 2923 qui
563 2853 642 2908 misit
654 2871 720 2920 nos,
737 2853 951 2920 annuntiemus3
972 2858 1001 2906 et
1018 2853 1045 2906 lo
1068 2851 1129 2907 icae
1148 2851 1320 2906 demonstra·

147 2921 238 2978 tionis
251 2921 315 2976 loeo
328 2927 418 2975 testes
431 2921 513 2976 vobis
525 2920 707 2992 producimus
720 2937 829 2987 eorum,
848 2920 896 2992 qui
914 2937 949 2973 ex
964 2919 1045 2974 vobis
1083 2919 1110 2974 io
1122 2919 1238 2974 adstant
1250 2917 1320 2997 mul-

147 2995 206 3056 tos,
220 3006 337 3059 quorum
350 3006 405 3060 ego
417 2987 508 3042 facies
519 2988 663 3055 recordor,
680 2987 759 3042 velut
775 2987 855 3042 vivas
868 2987 1020 3069 imagines,
1033 2987 1137 3042 idonea
1148 2985 1319 3041 testimonla.

147 3056 304 3112 Caeterum
316 3057 346 3110 in
357 3061 454 3110 vestra
485 3061 609 3110 otestate
622 3057 745 3135 positum
758 3061 803 3110 est
820 3057 953 3126 obsequr,
969 3061 1019 3111 aut
1035 3054 1122 3110 fidem
1138 3072 1195 3108 non
1207 3053 1319 3108 habere.

145 3124 213 3196 Ego
228 3130 315 3190 certe,
328 3123 404 3194 quod
414 3075 488 3178 utili
500 3129 554 3190 est,
567 3123 649 3202 vobis
659 3141 799 3194 exponere
808 3142 865 3178 non
875 3125 1021 3190 desistam,
1035 3123 1166 3193 quoniam
1178 3121 1249 3200 mihi
1260 3121 1320 3201 qui·

147 3195 215 3246 dem
228 3191 360 3246 damnum
373 3198 418 3246 est
430 3198 540 3258 tacere,
557 3191 639 3246 vobrs
655 3197 750 3246 autem
767 3209 824 3245 non
841 3191 955 3246 eredere
972 3208 1052 3245 noxa.
1086 3188 1142 3242 Ast
1155 3195 1184 3242 et
1195 3187 1321 3244 furnum

147 3269 306 3314 vestrarum
318 3277 369 3328 pro
391 3259 543 3314 ositionum
556 3258 713 3312 solutiones
725 3259 843 3312 reddere
849 3276 967 3337 possem
993 3257 1016 3308 si
1029 3255 1157 3310 veritatis
1171 3255 1266 3333 studio
1279 3255 1320 3308 in·

148 3327 360 3398 terrogassetis.
407 3343 483 3380 erum
497 3343 612 3380 causam
624 3326 754 3380 diversae
768 3325 920 3378 creationis
933 3296 1033 3378 culicis
1047 3327 1076 3375 et
1089 3321 1320 3398 elephantinunc

149 3387 1320 3527 '⁰¹³³3rt1'titttttpttilttss{tieil}Sltlffiltletlletttit.

149 3535 286 3598 tanquam
298 3529 449 3584 barbarum
461 3479 602 3599 duendam
619 3528 750 3582 insanum
766 3525 803 3589 ad
815 3525 960 3580 silentium
976 3528 1062 3592 atque
1075 3519 1320 3575 conturbationem

148 3597 282 3668 redigere
294 3603 449 3652 tentantes.
484 3597 563 3661 Quae
582 3612 637 3666 ego
654 3613 718 3650 cum
729 3594 869 3659 viderem,
887 3592 948 3646 zelo
965 3589 1062 3644 nescio
1078 3586 1217 3668 quomodo
1231 3601 1320 3665 corre·

169 3671 216 3717 tus
229 3681 297 3734 prae
313 3665 361 3735 pia
381 3665 421 3719 ira
433 3664 552 3718 ulterius
566 3663 650 3720 silere
663 3681 720 3716 non
732 3661 826 3732 potui,
840 3660 890 3716 sed
902 3658 1015 3713 fortiter
1027 3657 1197 3736 exclamavi:
1217 3653 1320 3734 Merme

149 3682 231 3786 irem
252 3732 428 3786 voluntatem
453 3750 531 3787 suam
552 3729 868 3800 incomprehensibilem
888 3727 970 3781 vobis
992 3742 1055 3780 esse
1075 3724 1166 3780 voluit
1186 3722 1320 3794 mdrgnos

149 3921 199 3970 iam
213 3921 326 3970 ediderat
336 3922 420 3971 Tisch.
439 3947 473 3956 -
494 3915 520 3984 4)
539 3923 580 3971 Or.
598 3915 715 3986 ὃρμησα.
810 3919 869 3984 Gap.
888 3917 921 3968 X.
958 3913 985 3984 1)
1010 3917 1038 3966 οἱ
1057 3882 1135 3982 tipice
1159 3909 1244 3976 ἡδέως
1267 3911 1319 3960 ord.

149 3985 176 4052 5)
191 3991 233 4046 τίς
245 3984 334 4055 ἔιμὲνη
347 3991 367 4039 0
381 3993 406 4037 et
424 3989 493 4046 Mon.
511 4015 542 4025 -
562 3985 590 4054 6)
608 3981 714 4057 spero·
757 3986 809 4034 inv.
827 3987 848 4034 Ο
866 3989 891 4034 et
904 3985 983 4046 Mon,
996 3983 1043 4098 put
1061 3985 1170 4046 pergunt
1182 3977 1215 4028 οὐ
1232 3977 1320 4029 drett-

173 4053 458 4117 ereetum-7)
477 4051 671 4122 quaeroquaero
691 4059 716 4104 et
760 4051 934 4104 esvrootrr.
950 4077 984 4086 -
1019 4044 1320 4114 >cacuminum-

179 4139 221 4176 on.
758 4120 822 4168 horn
844 4114 895 4186 (die
919 4119 1040 4181 Homiliea
1063 4115 1116 4164 und
1132 4113 1321 4172 Recopnitr'onen

758 4189 799 4234 dos
819 4189 925 4234 Olermns
938 4185 1076 4242 Romanae,
1100 4181 1229 4241 Gottirrpea
1241 4172 1321 4238 1853)

204 4259 263 4324 Cap.
276 4257 322 4308 IX.
359 4249 714 4321 1)(ΥΟ.-2)εὐθὺςάε-
757 4269 813 4318 pag.
834 4247 884 4300 158
901 4253 952 4298 not.
968 4245 992 4297 8.
1021 4275 1048 4282 -
1071 4244 1099 4306 3)
1116 4243 1221 4326 po'rpvc
1237 4245 1267 4294 0.
1288 4269 1322 4280 -

152 4326 234 4376 estin
251 4326 280 4375 Ο.
298 4351 331 4360 ·-·
355 4321 383 4390 3)
401 4325 446 4374 καὶ
463 4324 545 4372 om.0
564 4323 716 4370 stilon-
758 4314 786 4384 4)
805 4318 985 4380 συιιεπέραιιέ
1002 4315 1032 4364 0.
1048 4341 1082 4350 -—
1103 4311 1131 4380 5)
1151 4327 1200 4362 rov
1217 4327 1264 4360 om.
1280 4311 1321 4371 V,

150 4387 182 4456 4)
196 4387 248 4443 τὸν
260 4387 346 4457 λόγον
358 4391 378 4439 Ο
391 4395 417 4440 et
429 4392 497 4439 Mon.
759 4389 801 4436 Or.
814 4401 861 4435 om.
876 4383 931 4434 τῶν
943 4397 994 4446 seq.

1116 4471 1129 4508 a
