3126 4894
10 2677 11 2712 l

10 2741 12 2794 l

10 2859 12 2908 l

556 355 711 404 serrone
730 356 872 406 aarum
1018 352 1027 368 ·
1235 345 1298 408 209

122 507 226 557 cuncta
244 500 281 554 de
301 517 334 554 co
352 499 428 554 mala
446 500 560 569 protuli.
597 498 722 556 Obsecro
739 518 794 574 ego
811 519 862 556 vos
878 502 887 554 i
910 519 954 564 se,
986 502 1015 556 ui
1027 503 1087 556 odii
1098 505 1186 558 vestri
1200 513 1299 561 contra

122 588 184 624 enm
196 569 300 622 noxius
314 585 375 620 sum
388 575 495 633 auctor,
508 574 540 620 ut
553 567 583 620 id
596 567 753 638 deponatis.
790 569 862 624 Nam
905 569 931 622 ei
948 520 1002 624 fiili
1014 571 1062 640 qui
1074 577 1189 640 propter
1201 575 1298 626 mundi

123 638 244 690 salutem
257 635 404 714 apparuit,
418 635 473 688 iste
487 641 532 687 est
544 652 625 688 verus
638 653 655 688 a
677 637 792 690 ostolus.
829 639 1006 716 Quapropter
1018 645 1047 691 et
1059 638 1120 708 ipse
1134 639 1253 705 suadeo,
1266 647 1298 693 ut

122 705 147 758 ei
161 703 287 758 credatis
301 720 331 755 m
345 703 394 767 iis,
409 703 559 770 dequibus
573 720 638 771 prae
662 709 728 764 reat,
742 705 869 772 alioquin
882 705 1016 774 oppidum
1032 712 1157 758 vestrum
1170 706 1297 760 funditus

121 771 236 842 peribit.
260 771 366 824 Verum
380 770 454 823 enim
468 787 534 823 vero
548 771 620 823 scire
633 789 682 824 vos
696 771 775 836 volo,
793 789 842 824 cur
854 771 925 824 haec
941 771 1084 826 confitear.
1121 773 1178 826 Dei
1190 772 1297 844 Angeli

121 857 164 892 mc
182 839 316 908 impium,
355 837 411 890 uod
428 836 560 891 inimicus
577 855 668 892 essem
681 839 781 891 nuntio
794 839 938 904 veritatis,
952 839 1005 893 hac
1018 846 1102 894 nocte
1115 841 1297 894 vehementer

121 906 314 978 flagellarunt.
380 911 455 958 ortor
473 921 541 975 ergo
557 922 593 958 ne
611 905 759 975 recipiatis
771 923 829 972 me,
843 907 956 960 etiamsi
968 908 1040 962 alias
1054 908 1172 962 veniens
1183 909 1296 962 Petrum

122 975 286 1028 calumnier.
323 970 469 1025 Confiteor
481 973 557 1025 enim
569 972 666 1026 vobis:
685 979 799 1043 egomet
811 973 872 1043 ipse
886 993 946 1027 sum
959 993 1072 1045 magus,
1086 992 1140 1045 ego
1154 976 1297 1046 deceptor,

122 1059 176 1113 ego
194 1039 414 1110 praestigiator,
433 1039 483 1091 sed
502 1040 632 1108 poenitet
644 1057 697 1092 me.
733 1040 782 1094 Sic
795 1040 890 1098 forsan
903 1042 986 1108 licet,
1001 1047 1122 1112 peccata
1133 1043 1210 1112 prius
1223 1061 1240 1097 a
1253 1060 1297 1108 me

121 1110 276 1163 commissa
289 1107 470 1176 poenitentia
483 1107 587 1160 delere.

191 1191 279 1246 CXL.
315 1191 396 1244 Haec
414 1208 477 1244 cum
495 1196 578 1260 pater
592 1190 707 1260 publice
721 1191 803 1260 quasi
816 1209 849 1245 cx
863 1209 984 1261 persona
998 1193 1120 1246 Simonis
1133 1193 1254 1247 dixisset
1266 1200 1296 1248 ct

121 1261 239 1314 Petrum
256 1258 418 1324 laudasset,
437 1259 597 1312 universam
615 1257 863 1313 Antiochiensium
876 1261 1022 1314 civitatem
1041 1261 1078 1314 ad
1090 1261 1169 1312 illius
1186 1261 1297 1315 deside·

121 1329 193 1381 rium
207 1326 357 1380 convertit.
391 1325 429 1378 Et
445 1341 479 1379 ex
491 1342 532 1389 teo
545 1331 671 1395 tempore
685 1333 802 1380 cunctos
816 1333 913 1396 optare
926 1329 1093 1381 nuntiarunt
1110 1345 1174 1380 eum
1185 1327 1297 1395 videre,

121 1395 276 1448 nonnullos
294 1394 382 1447 etiam
399 1393 435 1447 ob
452 1393 570 1446 nimium
587 1393 616 1445 in
632 1393 747 1446 Petrum
764 1411 886 1448 amorem
904 1394 934 1446 in
955 1411 1018 1448 eum
1035 1395 1196 1448 saevientes
1214 1401 1246 1447 ut
1266 1396 1297 1448 in

122 1462 277 1527 Simonem,
290 1461 363 1515 adeo
373 1477 471 1514 manus
483 1461 599 1514 iniicere
612 1461 686 1514 velle
696 1461 804 1515 Fausto
814 1469 846 1513 ut
856 1460 970 1514 Simoni.
989 1461 1051 1524 Qua
1059 1467 1174 1530 propter
1182 1462 1296 1528 timens,

121 1548 158 1584 ne
170 1530 365 1600 perimeretur,
379 1545 429 1597 per
440 1529 567 1598 legatum
580 1546 597 1582 a
609 1528 694 1582 Petro
706 1529 800 1598 petiit,
817 1534 849 1580 ut
861 1545 923 1580 eum
936 1528 1149 1581 nancisceretur
1161 1529 1255 1581 vivum
1268 1535 1298 1582 ct

122 1599 152 1651 in
161 1597 260 1650 urbem
270 1595 413 1653 desiderio
423 1595 678 1666 illiusflagrantcm
688 1603 844 1666 opportune
857 1595 1032 1650 adventaret.
1051 1595 1161 1658 Quibus
1171 1596 1296 1666 cognitis

121 1665 225 1719 Petrus
247 1663 285 1717 ad
307 1663 520 1716 deliberandum
542 1665 571 1716 iu
593 1663 729 1716 concione
750 1663 962 1716 multitudinem
980 1664 1090 1734 coegit,
1113 1670 1142 1716 et
1160 1663 1295 1734 episeopo

122 1732 254 1786 ordinato
268 1736 418 1800 postquam
435 1748 485 1800 per
501 1736 559 1784 tres
578 1729 639 1783 dies
656 1729 817 1784 Laodiceae
830 1730 1025 1800 baptizaverat
1038 1738 1122 1800 atque
1136 1735 1295 1796 sanaverat,

126 1801 165 1854 ad
175 1799 302 1852 vicinam
315 1797 499 1851 Antiochiam
511 1814 629 1868 pergere
642 1799 811 1867 properavit.

192 1881 296 1936 CXLI.
332 1881 369 1934 Et
395 1882 509 1950 quidem
534 1899 597 1934 cum
621 1881 658 1935 ad
681 1882 778 1935 urbem
803 1881 1152 1952 pervenisset-universus
1175 1883 1297 1953 populus

122 1968 276 2006 accurrens
289 1967 352 2003 cum
366 1949 471 2019 gaudio
484 1949 576 2018 ipsum
590 1949 702 2018 excepit
719 1956 853 2019 tanquam
866 1949 995 2004 veritatis
1008 1968 1175 2030 praeconem
1189 1957 1218 2004 et
1230 1968 1296 2020 apo·

124 2019 237 2072 stolum.
274 2017 411 2070 Precibus
424 2023 519 2070 antem
531 2015 603 2069 fusis
617 2023 646 2070 et
658 2017 788 2070 manibus
802 2034 886 2087 super
898 2034 946 2071 eos
956 2019 1059 2098 positis
1072 2018 1212 2072 universis
1222 2019 1296 2071 male

122 2085 299 2140 habentibus
312 2084 411 2137 attulit
423 2083 607 2150 medicinam,
627 2101 744 2153 eumque
758 2103 843 2138 unum
857 2086 948 2138 Deum
961 2104 990 2138 m
1003 2086 1094 2138 tribus
1106 2086 1236 2156 personis
1249 2103 1297 2139 an·

122 2153 293 2207 nunciasset
305 2151 491 2230 pluribusque
504 2168 553 2204 eos
567 2151 601 2204 de
612 2151 695 2204 unius
708 2153 830 2206 numinis
843 2153 1005 2222 principatu
1018 2153 1172 2220 docuisset,
1185 2154 1222 2207 ad
1234 2154 1298 2207 hos·

122 2221 226 2291 pitium
236 2219 385 2274 abirrmus.
403 2219 575 2289 Intelligens
586 2224 679 2272 autem
689 2226 876 2288 paternoster
885 2221 1045 2289 apostolum
1055 2221 1166 2288 adesse,
1176 2221 1299 2275 accurrit

123 2307 158 2342 ac
170 2287 298 2366 vestigia
310 2288 370 2339 eius
383 2287 528 2340 osculatus
541 2292 586 2338 est
597 2303 715 2366 rogans,
734 2294 766 2340 ut
779 2294 878 2341 sancto
891 2288 1033 2356 baptismo
1048 2294 1296 2352 consummaretur,

123 2374 179 2426 quo
196 2360 344 2423 antiquam
361 2355 471 2408 animae
486 2354 706 2423 pulcritudinem
727 2360 756 2408 ct
777 2354 895 2408 formam
913 2355 1036 2423 corporis
1055 2355 1137 2406 simul
1157 2355 1215 2407 reci
1237 2361 1298 2408 eret
1324 2371 1330 2382 ·
1362 2401 1365 2408 .

124 2429 225 2478 saneto
235 2422 394 2501 baptismo,
412 2420 548 2490 fieretque
560 2422 704 2490 particeps
718 2421 946 2474 intemeratorum
957 2427 988 2474 et
1001 2420 1176 2474 vivificorum
1190 2373 1297 2473 eirissi

123 2497 331 2561 mysteriorum.
366 2488 409 2542 Ac
427 2489 528 2542 Petrus
545 2488 582 2542 ad
599 2506 661 2542 eum
680 2488 764 2540 dixit:
795 2488 935 2540 Dominus
954 2494 1050 2540 noster
1067 2487 1148 2540 Iesus
1167 2486 1297 2540 Christus
1397 2549 1405 2558 .

123 2559 181 2612 Dei
193 2558 272 2610 filius
287 2556 371 2608 dixit:
395 2558 450 2619 Qus·
465 2557 614 2609 crediderit
630 2564 654 2608 et
670 2557 824 2624 baptizatus
833 2557 926 2622 fucrit
941 2557 1035 2608 solcas
1052 2557 1104 2607 ert't
1115 2563 1140 2606 ct
1150 2556 1298 2607 secuudum

119 2629 205 2695 fidem
219 2635 296 2678 ticum
302 2626 358 2691 fiet
370 2625 420 2676 tibi
430 2625 501 2676 sicut
512 2626 561 2676 ricc.
592 2622 635 2676 Ac
647 2624 737 2676 multa
748 2622 806 2676 alia
819 2639 853 2675 ex
866 2621 971 2674 divinis
986 2622 1101 2691 scriptis
1115 2637 1178 2674 eum
1192 2621 1297 2675 docuit.

124 2693 358 2815 qgsvgggielqnqrsrm
371 2691 486 2746 adesset
498 2690 563 2745 cibo
576 2697 687 2761 sumpto
699 2690 793 2744 Deum
806 2689 956 2744 laudantes
974 2695 1060 2759 atque
1073 2695 1186 2772 orantes
1200 2706 1297 2744 somno

196 2841 315 2897 CXLII.
351 2841 492 2912 Sequente
517 2859 583 2896 vero
609 2842 655 2896 die
680 2843 781 2897 Petrus
805 2842 906 2896 iterum
929 2841 1066 2895 maturius
1091 2857 1210 2911 surgens
1235 2857 1298 2894 cum

126 2917 246 2976 orasset,
260 2916 339 2990 patre
352 2928 408 2964 una
420 2909 568 2964 nobiscum
580 2910 720 2964 accersito
734 2910 818 2962 dixit:
835 2909 942 2975 Hodie,
955 2909 1071 2974 iratres,
1085 2926 1218 3030 magnum
1231 2925 1298 2979 gau-

126 2980 204 3032 dium
227 2983 334 3032 orietur
353 2977 382 3030 in
410 2977 490 3031 caelo
510 2983 625 3046 propter
646 2977 772 3031 (livinum
792 2995 892 3031 munus
913 2977 1109 3032 renascentiae
1151 2975 1197 3030 oni
1223 2976 1298 3029 senis

126 3045 237 3101 Fausti.
274 3042 400 3114 Cumque
416 3063 467 3098 nos
485 3043 687 3113 assumpsisset
704 3045 812 3115 egressi
830 3064 925 3104 sumus
937 3046 974 3099 ad
990 3045 1055 3099 loca
1067 3044 1218 3098 orientalia
1231 3043 1299 3097 civi·

126 3115 196 3168 tatis
208 3112 258 3167 ubi
273 3121 337 3164 sunt
350 3129 440 3181 aquae
453 3129 553 3232 puram
567 3111 713 3181 solumque
725 3119 833 3190 patrem
843 3119 969 3165 nostrum
980 3113 1096 3166 seorsim
1107 3129 1219 3166 sumens
1228 3110 1299 3164 mul·

126 3183 222 3251 tisque
235 3179 389 3233 instituens
401 3185 456 3233 tras
467 3196 573 3248 ensque
586 3179 630 3231 illi
643 3179 800 3232 doctrinam
811 3180 846 3232 de
859 3179 922 3232 Deo
933 3181 1049 3248 eiusque
1059 3181 1089 3232 in
1102 3197 1185 3233 carne
1197 3178 1235 3232 ad
1245 3194 1297 3231 nos

127 3250 254 3303 adventu
265 3247 424 3316 baptizarit
436 3264 499 3300 eum
512 3247 541 3299 in
554 3246 666 3300 nomine
679 3247 767 3315 patris
780 3252 810 3298 et
822 3245 876 3298 filii
890 3251 919 3299 et
933 3247 1050 3314 spiritus
1064 3247 1165 3310 sancti,
1179 3261 1298 3313 cumque

126 3334 229 3387 panem
241 3313 411 3382 accepisset,
424 3315 533 3394 gratias
546 3314 654 3384 egisset
667 3331 700 3367 ac
713 3313 908 3366 benedixisset
920 3329 1014 3377 sacra,
1033 3313 1201 3365 intemerata
1213 3317 1299 3427 atque

127 3383 243 3438 vivifica
255 3401 283 3435 m
305 3382 392 3435 steria
406 3399 432 3454 er
445 3381 608 3451 impertivit.
632 3381 669 3433 Et
682 3381 788 3450 pariter
800 3379 896 3432 cuncti
909 3385 996 3431 noctu
1008 3396 1042 3431 ac
1053 3378 1179 3431 interdiu
1191 3394 1245 3430 exu
1257 3383 1298 3430 ta·

126 3452 226 3506 bamus
240 3451 270 3503 in
284 3400 410 3503 ilomino
424 3450 457 3503 de
475 3449 564 3520 patris
577 3448 667 3502 nostri
683 3447 898 3520 regeneratione
913 3463 992 3500 sacro
1006 3445 1178 3515 baptismate
1192 3443 1298 3496 instau-

127 3661 155 3710 in
178 3659 255 3709 Hom.
281 3658 346 3719 XX,
376 3653 416 3706 19.
445 3683 479 3690 —
509 3653 536 3721 7)
566 3674 616 3724 μοι
640 3672 689 3704 om.
733 3649 962 3716 —4lMarc.16,
982 3650 1021 3704 16.
1041 3648 1300 3704 Mastutetlb—

129 3729 160 3778 0.
733 3719 761 3790 5)
773 3724 819 3774 καὶ
831 3738 878 3770 om.
892 3723 912 3771 0
926 3727 951 3770 ct
962 3723 1031 3771 Mon.

197 3795 258 3860 Cap.
273 3792 348 3841 CXL.
375 3788 401 3858 1)
415 3785 465 3842 τὸν
477 3787 583 3840 ἐκείνου
597 3785 692 3841 πόθον

129 3862 198 3928 Epit.
216 3889 249 3896 -
265 3855 294 3926 2)
308 3863 346 3908 lta
358 3857 455 3920 corrigo
467 3857 600 3920 lectionem
615 3857 692 3910 Codd.
787 3857 846 3922 Cap.
861 3856 963 3905 CXLII.
1000 3853 1027 3922 1)
1047 3851 1103 3921 ἅμα
1120 3853 1151 3906 δὲ
1168 3856 1188 3904 0
1205 3855 1298 3903 ctPar.

130 3925 239 3986 πάντες.
258 3953 289 3962 -
312 3922 339 3982 3)
361 3925 433 3976 ἰδεῖν
451 3925 519 3974 deest
535 3925 562 3973 in
579 3927 607 3974 0.
629 3925 693 3974 Tum
736 3918 919 3988 ctMon.—2)
935 3918 1021 3973 ὕδατα
1034 3918 1124 3972 croilis
1136 3924 1180 3971 καὶ
1191 3916 1299 3986 καθαρὰ

129 4000 186 4047 Par.
211 3989 394 4062 ἐπήψελλον,
424 3993 466 4041 scd
494 3986 593 4059 ιἰπήγγ.
619 3993 693 4041 etiam
737 3993 863 4040 OetPar.
877 3992 991 4050 etMcn.‚
1010 3985 1096 4039 ὕδατα
1114 3982 1202 4037 πολλά
1215 3989 1300 4037 τεκαὶ

130 4067 197 4114 lllon.
210 4014 284 4127 ..⁴ss
298 4059 337 4128 τῴ
351 4053 474 4125 Φαύστῳ
488 4059 588 4110 OMon.
601 4065 626 4108 et
637 4061 695 4107 Par.
738 4051 846 4120 καθαρὰ
863 4057 931 4122 Epit.
950 4072 970 4106 c.
990 4051 1047 4104 142.
1064 4082 1099 4090 —
1119 4050 1145 4112 3)
1164 4053 1215 4102 τοῦ
1230 4052 1301 4105 θεοῦ

129 4129 200 4190 -bl
215 4123 413 4201 ὁρμήσεινοιη.
427 4129 457 4190 0,
476 4126 519 4176 scd
533 4127 609 4176 habet
621 4126 694 4175 etism
739 4125 797 4172 Oet
808 4125 865 4172 Par.
884 4129 908 4171 et
925 4117 1075 4172 Moru-4
1103 4122 1148 4170 καὶ
1164 4121 1245 4168 om.0
1266 4145 1300 4155 -

130 4201 187 4249 Par.
737 4185 765 4256 b)
782 4191 829 4240 καὶ
846 4189 896 4238 des.
914 4189 940 4238 in
958 4185 1072 4238 0.-6
1104 4186 1155 4238 τοῦ
1171 4185 1299 4253 Χριστοῦ

181 4267 242 4332 Cap.
255 4263 344 4313 CXLI.
381 4259 405 4319 1)
424 4256 471 4318 τὰς
486 4265 583 4328 χεῖρας
601 4255 697 4316 αὐτοῖς
762 4258 899 4323 υστηρίων
927 4257 947 4304 0
974 4261 1000 4305 et
1029 4257 1097 4304 Mon.
1131 4259 1156 4303 et
1186 4255 1242 4303 Par.
1267 4281 1301 4290 -

131 4333 255 4384 ord.Oet
273 4331 342 4379 Mon.
363 4357 397 4365 -
412 4325 448 4447 ἲ)
460 4328 511 4379 τοῦ
534 4325 694 4394 ΧριστοῦΟ
738 4275 763 4384 il
792 4319 865 4394 ὁμοῦ
889 4339 936 4372 om.
962 4323 1004 4384 V„
1028 4324 1085 4371 Par.
1111 4327 1136 4370 et
1159 4323 1227 4370 Mon.
1252 4338 1300 4370 om.

132 4417 188 4450 cum
199 4401 257 4449 Par.
270 4399 419 4447 stilon-
448 4391 695 4464 )ciom.0etMon.
740 4385 798 4444 οὖν.
817 4417 849 4426 -
866 4385 894 4457 8)
911 4385 1095 4458 ἀγαλλόμενοι
1112 4391 1133 4438 0
1150 4389 1301 4439 etMou—

1126 4491 1151 4529 14
