3162 4900
374 329 420 376 Au
434 328 631 379 cosmarus
644 329 724 380 nou.
738 330 832 386 (ινιτ
844 331 921 382 unu.
934 330 1111 380 Romulos.
1264 315 1327 380 317

156 477 252 545 αὐτὴν,
275 481 306 530 at
324 474 452 530 codicem
466 473 502 528 C:
520 475 587 544 αὐτὴ
606 476 662 530 κατ’
682 475 776 546 αὐτὴν.
811 476 888 532 Illud
909 477 1064 547 repositum
1082 482 1126 532 est
1143 478 1326 533 aDresselio.

158 545 215 598 Sed
229 547 283 598 hoo
296 543 424 612 oportuit
436 549 597 612 receptum,
610 544 661 598 cfr.
674 545 738 598 adn.
751 546 788 597 ad
800 563 827 612 p.
839 545 897 610 393,
912 545 962 598 13ε
985 587 990 597 .
1005 550 1034 598 ct
1047 543 1084 597 ad
1093 562 1119 612 p.
1128 545 1187 613 403,
1197 546 1234 598 9ο
1257 565 1283 616 q.
1293 575 1328 587 -

157 612 250 666 Multo
264 609 379 680 saepius
391 609 457 663 libri
468 609 657 679 manuscripti
668 612 857 665 consentiunt.
875 563 1129 678 Ridicriiumesset,
1143 611 1168 664 si
1177 613 1241 682 quis
1271 629 1327 665 unc

157 679 296 734 librorum
310 695 479 731 consensum
496 695 547 746 pro
564 676 644 730 firmo
663 685 831 748 argumento
846 679 977 732 veritatis
989 677 1096 732 habere
1108 679 1203 733 veliet.
1237 681 1327 732 Immo

157 749 222 815 pius
235 746 323 798 semel
332 752 482 814 peccatum
493 762 582 799 essea
595 745 727 813 librariis,
740 752 789 799 aut
802 751 910 799 certum
924 753 967 800 est
979 753 1029 800 aut
1041 745 1100 799 reri
1112 746 1214 800 saltem
1226 746 1326 800 simile.

156 814 196 866 At
208 813 255 866 vel
268 813 310 865 sio
322 818 455 882 apparet,
474 811 549 865 bunc
561 813 728 882 scriptorem
741 811 771 866 in
787 813 959 882 usurpandis
969 813 1185 894 pronominibus
1197 812 1285 868 αὑτοῦ
1297 818 1326 866 et

157 883 244 936 αὐτοῦ
257 884 364 934 certam
377 897 504 932 normam
515 897 572 933 non
585 896 648 934 esse
662 887 798 934 secutum.
830 881 993 935 Temerarre
1006 885 1103 934 autem
1115 881 1199 934 nobis
1211 881 1327 950 quidem

159 965 246 1018 agere
266 947 424 1013 videbitur,
447 945 496 1018 qui
516 947 646 1000 codicum
663 949 862 1002 auctoritatem
884 949 998 1002 omnino
1017 948 1102 1000 nihili
1124 947 1221 1002 iacere
1240 953 1328 1020 atque

159 1015 253 1070 omnia
269 1014 345 1068 inter
367 1031 397 1067 se
415 1031 484 1068 axae
506 1031 573 1069 uare
594 1031 681 1068 ausus
704 1015 798 1068 fuerit.
834 1005 1059 1069 Recenseiiimus
1074 1018 1134 1086 jam
1150 1015 1245 1085 priore
1264 1017 1328 1069 loco

157 1081 342 1162 principalia,
360 1099 433 1152 quae
455 1081 484 1134 in
530 1081 633 1134 omiliis
652 1099 681 1136 re
705 1083 845 1149 eriuntur,
863 1083 992 1152 exempla
1008 1083 1183 1150 pronominis
1199 1081 1328 1137 reflexivi

158 1156 199 1204 ita
215 1149 358 1219 usurpati,
379 1155 411 1201 ut
427 1165 583 1217 pronomen
605 1101 724 1218 simpiex
741 1158 789 1204 aut
807 1152 949 1218 potuisset
961 1149 1090 1204 adhiberi
1102 1155 1152 1203 aut
1165 1167 1265 1203 revera
1276 1167 1328 1219 pro

157 1219 207 1301 ilio
220 1215 413 1305 reponepdum
427 1232 490 1302 esse
503 1215 594 1269 videri
606 1216 705 1338 posssit.
723 1217 755 1270 P.
767 1217 825 1285 142,
834 1217 852 1270 4
862 1217 988 1287 positum
1001 1225 1045 1271 est
1058 1217 1093 1301 de
1105 1217 1191 1270 Jove:
1203 1215 1329 1287 ἀδελφὴν

157 1305 316 1406 {abab
329 1294 666 1405 dttttwtttf‘n
683 1284 1327 1422 tgtbtttii⁰tti¹¹itttdtditabit

157 1421 257 1474 ausim.
292 1417 337 1472 De
351 1419 425 1484 loce,
437 1419 485 1488 qui
499 1423 543 1472 est
554 1436 581 1486 p.
595 1417 652 1485 144,
665 1420 758 1489 bsqq,
776 1421 837 1488 jam
855 1435 941 1487 supra
957 1417 1078 1470 diximus
1090 1433 1118 1484 p.
1130 1417 1188 1469 272.
1223 1417 1255 1469 P.
1270 1415 1327 1503 184,

157 1487 223 1555 isq.
241 1485 313 1540 haec
331 1490 398 1538 sunt
418 1485 518 1540 verba:
544 1485 683 1556 οὐδὲγὰρ
703 1486 821 1560 Ἑβραῖοι
841 1492 964 1540 Μωϋσεῖ
981 1483 1163 1544 πιστεύοντες
1179 1490 1224 1538 καὶ
1241 1483 1274 1539 τά
1290 1487 1320 1538 δι

157 1555 244 1608 αὐτοῦ
256 1557 376 1626 ῥηθέντα
387 1553 426 1626 μὴ
439 1553 631 1624 φυλάσσοντες
644 1553 788 1617 σώζονται,
801 1552 850 1608 ἐὰν
860 1551 899 1624 μὴ
917 1551 949 1606 τὰ
961 1556 1082 1625 ῥηθέντα
1094 1550 1189 1611 αὑτοῖς
1201 1549 1327 1623 φυλάξω-

158 1639 211 1675 σιν.
230 1621 261 1676 P.
276 1621 332 1687 187,
345 1622 409 1690 8sq.
427 1619 545 1690 legitur:
565 1623 616 1673 τοῦ
631 1620 724 1694 μόνου
740 1620 848 1692 ἀγαθοῦ
868 1623 939 1678 Θεοῦ
956 1619 989 1674 τά
1006 1617 1097 1673 πάντα
1113 1648 1145 1655 -
1162 1620 1327 1689 παραδεδω-

157 1687 240 1750 κότος
260 1691 301 1758 rui
318 1689 375 1743 κατ’
396 1687 488 1744 εἰκόνα
505 1687 593 1742 αὑτοῦ
609 1692 751 1760 γενομένῳ
768 1685 920 1758 ἀνθρώπῳ.
955 1687 987 1741 Ρ.
1001 1687 1061 1751 206,
1073 1686 1157 1755 9sqq.
1170 1687 1327 1739 seeundum

157 1756 246 1809 libros
264 1773 347 1808 mscr.
368 1756 490 1810 editum:
511 1754 559 1816 Ὡς
574 1753 627 1842 γὰρ
649 1759 677 1810 οἱ
700 1758 789 1811 orroei
807 1754 887 1828 ὅφεις
908 1763 968 1817 τοῖς
988 1750 1240 1824 murmuraverimus
1262 1753 1328 1814 τοὺς

158 1822 318 1895 στρούθους
334 1826 522 1886 έπισπῶνται,
545 1826 619 1877 οὕτω
643 1827 689 1877 καὶ
708 1823 789 1877 αὐτοὶ
806 1822 871 1884 τοὺς
888 1819 1149 1896 μεταλαμβάνοντας
1170 1824 1217 1888 τῆς
1237 1821 1328 1875 αὐτῶν
1361 1843 1368 1856 ·

160 1895 301 1958 τραπέζης,
315 1889 363 1946 dmi
374 1911 405 1961 γε
417 1893 473 1946 τῶν
483 1893 598 1960 βρωτῶν
614 1896 660 1944 καὶ
677 1893 775 1946 ποτῶν
791 1890 993 1959 ἀνακραθέντες
1010 1889 1102 1944 αὐτῶν
1118 1889 1158 1957 τῷ
1170 1890 1221 1958 voi,
1240 1894 1278 1949 είς
1295 1887 1327 1942 τὸ

157 1963 233 2015 ἴιλιον
251 1959 342 2012 αὐτῶν
354 1959 529 2012 ἐπισπῶνται
540 1956 679 2030 βούλημα,
700 1961 953 2032 μεταμορφοῦντες
970 1955 1084 2016 ἑαυτοὺς
1100 1955 1157 2010 κατ’
1175 1955 1242 2026 ὄναρ
1260 1960 1327 2010 cett.

157 2025 365 2094 Exspectasse,
380 2042 451 2092 eum,
464 2025 512 2094 qui
530 2024 688 2108 posuisset:
711 2033 770 2087 τοῖς
785 2027 877 2080 αὐτῶν
895 2023 1049 2098 πνεύμασι,
1066 2022 1153 2076 etiam
1168 2025 1328 2092 positurum

156 2095 246 2148 fuisse
264 2110 301 2146 ne
319 2091 425 2146 dicam:
448 2095 495 2170 τῆς
506 2095 597 2146 αυτῶν
614 2097 760 2166 τραπέζης,
781 2097 812 2146 at
823 2098 936 2146 tamen:
957 2097 996 2152 εἰς
1013 2089 1044 2145 τὸ
1064 2093 1139 2145 ίιλιον
1156 2090 1251 2160 ρὺτῶν
1261 2089 1327 2158 βού-

157 2167 238 2232 λημα.
256 2159 322 2214 Jam
335 2175 403 2213 sane
415 2158 477 2212 fieri
488 2165 586 2228 potest
598 2166 630 2212 ut
642 2161 672 2213 in
683 2159 728 2212 his
740 2161 893 2229 postremis
902 2159 997 2214 verbis
1007 2157 1118 2228 aliquid
1127 2158 1165 2211 sit
1173 2158 1327 2212 turbatum.

154 2228 221 2283 Non
234 2227 383 2281 tribuerim
395 2226 512 2280 nimium
526 2226 563 2292 ei,
597 2227 654 2280 uod
666 2228 696 2280 in
708 2227 809 2282 codice
823 2226 846 2280 0
859 2245 911 2298 pro
925 2230 1000 2283 ἴδιον
1011 2227 1102 2281 αὐτῶν
1114 2226 1270 2280 invenitur:
1290 2225 1325 2280 δι’

154 2296 259 2359 αὐτῶν,
274 2300 386 2348 atvero
403 2311 489 2363 aegre
509 2245 687 2348 desideratur
704 2293 859 2364 objectum,
878 2294 954 2366 quod
971 2298 1082 2347 vocant.
1117 2289 1207 2361 Atqui
1224 2293 1328 2362 aliquis

156 2363 307 2434 conjiciat:
322 2363 359 2424 εἰς
372 2360 403 2416 τὸ
418 2365 493 2416 ίιλιον
502 2361 648 2418 αὐτῶννελ
658 2361 753 2431 potius
766 2361 858 2416 αὑτῶν
869 2360 994 2422 αὐτοὺς
1006 2361 1181 2415 ἐπισπῶνται
1194 2359 1327 2432 βούλημα.

156 2431 222 2499 Sed,
236 2432 265 2484 ni
279 2429 374 2496 fallor,
388 2427 567 2498 probabilius
581 2428 648 2482 erit:
665 2433 704 2489 εἰς
716 2427 748 2483 τὸ
766 2431 842 2484 idios
859 2428 981 2490 αὐτοὺς
997 2431 1095 2484 έπισπ.
1131 2424 1264 2480 Ceterum
1276 2443 1328 2494 per

156 2515 258 2552 senon
270 2497 362 2550 minus
375 2496 557 2550 tolerandum
570 2513 632 2550 esse
646 2495 678 2550 τὸ
692 2499 768 2550 ἴδιον
780 2496 872 2552 αὐτῶν
903 2513 968 2549 uam
981 2495 1012 2550 τὸ
1026 2494 1210 2558 adnostros,
1226 2493 1270 2546 vix
1284 2499 1328 2547 est

155 2565 233 2636 quod
245 2581 383 2618 moneam.
402 2565 482 2618 Loco
496 2563 684 2634 Theognidis,
698 2565 747 2632 qui
760 2570 805 2617 est
816 2583 841 2617 v.
853 2513 904 2619 430
914 2582 965 2636 sq,
982 2562 1032 2616 ubi
1045 2563 1110 2616 libri
1121 2577 1204 2615 mser.
1217 2559 1328 2614 variant

155 2642 184 2688 et
196 2635 265 2688 olim
279 2631 428 2702 legebatur
440 2631 534 2697 αὑτοῦ,
547 2631 601 2685 Τλι.
614 2631 757 2702 Bergkius
770 2631 875 2686 edidit:
888 2630 1006 2701 Νὴπιος,
1020 2627 1049 2691 ὃς
1061 2628 1111 2686 τὸν
1123 2627 1194 2703 ἐμὸν
1206 2632 1260 2700 μὲν
1272 2632 1329 2698 ἔχει

154 2699 225 2756 νόον
250 2703 280 2755 ἐν
301 2701 471 2773 φυλακῇσιν,
494 2699 544 2754 τὸν
562 2701 592 2752 d'
612 2699 699 2754 αὐτοῦ
727 2701 803 2756 idios
826 2699 909 2756 οὐδὲν
928 2701 1136 2770 ἐπιστρέφεται.
1173 2696 1249 2759 Quin
1265 2696 1328 2766 ipse

154 2767 344 2822 Homiliarum
362 2767 484 2836 scriptor
505 2768 661 2821 secundum
678 2765 740 2820 cod.
754 2765 807 2836 Op.
819 2766 878 2830 402,
892 2767 925 2818 15
941 2783 982 2835 sq.
1000 2764 1109 2833 posuit:
1132 2768 1267 2824 παλαίσας
1279 2767 1328 2818 ἐπὶ

155 2835 206 2904 τὴν
219 2839 295 2890 ἀλέαν
308 2834 394 2890 αὐτοῦ
411 2833 500 2906 φύσιν
510 2839 657 2921 βουληθεὶς
669 2833 780 2908 έτράπη.
815 2834 847 2888 Ρ.
859 2835 918 2897 215,
930 2833 994 2902 bsq.
1014 2831 1153 2900 scriptum
1170 2829 1326 2884 invenitur:

155 2906 185 2964 ἐξ
208 2901 432 3023 ὑπερξαλλοὺσης
454 2901 541 2956 αὐτοῦ
565 2907 769 2987 ευσπλαγχνίας
791 2932 825 2941 -
849 2900 900 2957 τὸν
922 2900 1009 2956 αὑτοῦ
1033 2901 1145 2973 ἔπεμψε
1170 2897 1326 2970 προφήτην.

158 2971 189 3024 Ρ.
203 2971 262 3038 220,
298 2988 340 3040 sq.
358 2969 471 3022 codices
489 2969 640 3038 praebent:
660 2993 675 3024 ο
692 2969 761 3030 Θεὸς
778 2967 941 3041 ὀλοθρεάσει
960 2967 1025 3028 τοὺς
1035 2965 1074 3039 μὴ
1092 2964 1265 3034 θελήσαντας
1277 2965 1328 3035 τὴν

155 3044 196 3100 είς
207 3036 294 3094 αὑτὸν
313 3045 464 3108 θρησκείαν
474 3036 669 3098 ἀναδέξασθαι.
703 3037 734 3090 P.
747 3037 806 3105 227,
819 3038 864 3090 1οε
883 3037 916 3090 οὐ
933 3041 1137 3108 πεφροντίκασι
1154 3037 1209 3090 τῶν
1222 3032 1329 3094 ξοάνων
1368 3037 1371 3042 '

152 3105 247 3160 αὐτῶν
256 3109 284 3158 οἱ
296 3103 429 3164 evector,
438 3101 594 3165 ’όντεςθεοί
611 3104 643 3156 P.
653 3105 712 3170 220,
726 3106 806 3174 lbsq.
819 3104 941 3158 inlibris
953 3110 1101 3156 mscaest:
1114 3099 1327 3173 βίωσαςχρὸνον

154 3171 205 3228 οὐκ
216 3176 287 3242 ἔγνω
298 3178 338 3233 τίς
347 3171 424 3241 αὑτῶ
437 3177 521 3227 τεκαὶ
534 3176 590 3226 τῶν
599 3171 675 3241 αὐτῶ
686 3174 946 3243 ἔπιχορηγηθεισῶν
957 3171 1001 3225 vel
1012 3173 1112 3226 ἔπαιον
1131 3173 1253 3238 ηθεισῶν
1263 3190 1329 3238 τρο-

155 3243 221 3312 φῶν
231 3241 352 3311 ὑπῆρξεν
364 3239 513 3310 εὐεργέτης.
531 3237 629 3292 Facile
642 3246 768 3307 apparet,
780 3237 913 3306 corrupta
925 3255 988 3292 esse
997 3237 1093 3292 verba.
1112 3190 1249 3290 invisius
1261 3234 1327 3288 scri·

152 3307 280 3362 bendum
298 3305 447 3360 censebat:
468 3311 513 3360 καὶ
530 3305 710 3361 ruoddrud.
746 3305 852 3358 Nescio
865 3321 900 3358 an
913 3311 1063 3372 praeterea
1075 3311 1142 3372 post
1155 3302 1228 3356 hoec
1240 3303 1328 3356 verba

154 3373 296 3429 exciderit
318 3375 376 3428 tate
398 3372 479 3442 quid,
504 3375 588 3454 quale
610 3380 664 3428 est:
689 3371 756 3426 ἀπὸ
779 3375 859 3438 τῶν,
883 3371 924 3424 ita
940 3377 973 3424 ut
991 3370 1064 3424 hanc
1083 3370 1143 3425 fere
1157 3369 1327 3423 sententiam

152 3441 327 3496 habeamus:
344 3457 413 3510 „per
426 3440 656 3495 subministratos
670 3440 776 3495 oib0s“.
796 3440 885 3494 Porro
899 3437 985 3492 etiam
1002 3437 1077 3508 αὑτῷ
1092 3435 1257 3490 mutandum
1275 3436 1329 3490 erit

153 3510 184 3562 in
196 3509 283 3579 αὐτῶ,
304 3515 354 3562 aut
370 3524 421 3577 pro
443 3509 531 3564 αὐτοῦ
548 3507 756 3578 reponendum:
777 3506 889 3562 αὑτοῦ.
923 3505 1140 3574 Ρ.222,118ηη.
1158 3503 1265 3558 editum
1284 3509 1328 3557 est

153 3583 290 3646 tanquam
302 3593 337 3628 ox
349 3581 471 3646 utroque
485 3576 599 3631 codice:
615 3575 724 3631 Αὐτίκα
740 3578 811 3647 γοῦν
824 3580 880 3630 τῶν
890 3575 1058 3642 Αἰγυπτίων
1077 3572 1157 3646 ὑμῶν
1170 3577 1197 3626 οἱ
1208 3571 1324 3642 ἀρχηγέ-

154 3667 245 3700 ται-
265 3642 321 3698 ὑπὸ
336 3647 418 3711 κακῆς
435 3643 530 3706 αὐτοῖς
546 3647 612 3699 dodo
639 3641 756 3713 υχοιλσης
776 3646 885 3704 ἐννοίας
901 3642 976 3710 πάση
993 3639 1060 3694 αὐτὸ
1081 3641 1179 3714 ἀτιμίᾳ
1202 3637 1272 3694 ὅσον
1293 3638 1325 3694 τὸ

153 3711 212 3768 κατ’
225 3711 326 3772 αὐτοὺς
340 3710 485 3780 ὑπέβαλον.
521 3711 560 3764 At
577 3666 690 3766 dubitet
702 3711 819 3780 aliquis,
832 3727 869 3764 an
881 3699 977 3780 potius
991 3709 1145 3779 legendum
1158 3709 1207 3761 sit:
1225 3707 1327 3774 αὐτοῖς,

174 3795 326 3847 uamquam
340 3777 470 3832 similiter
482 3779 622 3832 variatum
636 3783 681 3832 cst
692 3795 720 3846 p.
731 3779 790 3844 206,
802 3779 884 3864 9sqq.
903 3782 932 3831 et
951 3776 1013 3830 aliis
1032 3777 1103 3830 locis
1116 3775 1192 3830 infra
1203 3779 1328 3828 tractan-

153 3797 208 3901 gis.
231 3846 263 3898 Ρ.
274 3847 333 3914 236,
347 3846 379 3898 11
391 3863 432 3915 sq.
454 3845 592 3915 scriptum
611 3847 727 3916 legitur:
753 3845 827 3900 ὅσων
846 3842 1025 3916 ἀπολαύομεν
1042 3845 1166 3914 ἀγαθῶν,
1188 3845 1227 3896 τ’
1242 3841 1329 3895 αὑτοῦ

154 3918 221 3983 ἐλέῳ
234 3919 273 3975 εἰς
285 3911 335 3982 τὴν
347 3915 484 3987 ἡμετέραν
501 3917 720 3986 φιλανθρωπίαν
735 3911 852 3980 βιάζεται
867 3912 918 3982 τὴν
930 3919 1036 3974 κτίσιν,
1054 3911 1103 3964 ubi
1120 3863 1268 3964 ferendum
1283 3912 1328 3962 est

154 3982 241 4036 ctiam
264 3979 363 4044 αὐτοῦ,
390 3997 481 4052 aeque
507 3986 595 4049 atque
616 4000 640 4033 v.
660 3981 692 4032 18
713 3979 798 4048 αὐτῆς
820 3981 987 4032 commutari
1002 3981 1122 4062 poterat
1150 3992 1212 4028 cum
1236 3975 1327 4042 αὐτῆς.

154 4050 185 4104 Ρ.
198 4048 257 4116 241,
269 4049 287 4102 3
301 4049 328 4102 le
351 4049 420 4102 itur:
438 4047 453 4102 ὀ
467 4051 498 4104 ἀὲ
511 4049 599 4109 ὅντως
616 4045 655 4102 ῶν
668 4049 719 4116 τοῦ
730 4049 868 4107 δοθέντος
881 4045 958 4116 αὐτῷ
976 4065 1067 4117 νομου
1079 4046 1183 4098 έκτελεῖ
1193 4041 1240 4102 τὰς
1253 4040 1325 4117 πρά-

154 4121 215 4180 ξεις,
230 4123 260 4170 et
271 4133 299 4185 p.
308 4067 456 4187 aimon:
469 4115 588 4186 ηὔχοντο
602 4114 672 4186 ὑπὲρ
685 4117 741 4170 τῶν
754 4112 787 4167 τὰ
798 4113 864 4168 κακὰ
875 4111 976 4172 αὑτοὺς
985 4113 1170 4183 διαθεμένων,
1183 4125 1256 4195 ομνια
1267 4127 1326 4163 non

154 4190 221 4238 sunt
233 4185 381 4248 tentanda,
396 4199 567 4254 quamquam
580 4181 715 4236 differunt
726 4180 762 4234 ab
776 4197 820 4244 eo,
834 4180 910 4249 quod
922 4186 965 4233 est
977 4197 1004 4248 p.
1013 4178 1073 4246 244,
1085 4179 1164 4247 6qu
1177 4197 1276 4247 ηυχετο
1289 4179 1329 4248 roi

154 4259 250 4322 πατρί,
263 4259 323 4314 τοῖς
335 4251 422 4307 αὑτὸν
434 4251 599 4323 ἀναιροῦσιν
610 4249 750 4331 ἀφεθῆναι
764 4247 795 4301 τὸ
807 4246 964 4320 ἁμάρτημα.
988 4243 1095 4299 Contra
1110 4264 1137 4315 p.
1150 4245 1208 4314 288,
1221 4245 1286 4316 9sq.
1298 4245 1328 4298 in

153 4319 265 4374 verbis:
285 4320 351 4394 μηδ’
365 4315 415 4381 οάς
425 4317 581 4391 ἀγαπῶσιν,
593 4322 662 4390 λέγω
676 4318 710 4387 δη
722 4323 852 4388 γυναῖκας
863 4315 955 4371 αὑτῶν
967 4344 1013 4378 -,
1029 4312 1099 4386 πρὸς
1111 4314 1194 4369 τοῦτο
1207 4318 1327 4387 προτρέ-
