3126 4894
560 315 713 368 armona
730 316 874 368 airuns.
1244 302 1303 366 189

196 463 288 518 CVll.
323 462 389 517 Ilte
412 461 499 517 oDic
511 461 611 530 nobis,
629 462 757 543 inquam,
776 463 888 533 qualem
904 462 1055 534 protulerit
1068 479 1237 530 sermonem,
1256 465 1304 534 qui

131 531 215 585 fidem
228 531 309 584 illius
321 478 516 600 pateiecerit?
533 530 693 600 Respond1t
705 531 822 584 Petrus:
841 531 895 586 llle
906 549 995 586 sermo
1006 537 1059 599 est,
1073 549 1127 602 quo
1136 531 1259 602 rogavit,
1273 537 1305 585 ut

131 599 190 668 ipsa
205 617 270 652 cum
283 599 399 668 hospita
416 597 548 653 benefica
567 598 650 650 simul
662 598 863 678 baptizaretur.
895 598 961 654 Nou
973 605 1068 653 autem
1079 605 1203 670 rogaret,
1216 605 1248 652 ut
1260 599 1304 652 illi

130 684 212 736 quam
226 665 326 736 diligit
338 671 531 736 praestaretur
542 664 613 718 haee
626 671 731 736 gratra,
744 666 800 718 nisi
812 667 889 735 prius
903 683 971 737 erga
982 667 1156 736 baptismum
1163 671 1304 746 ‘tanquam

129 751 196 854 tt}
203 751 348 871 aazia
357 733 680 855 tittttttttt
691 733 1304 872 atat‚tttttttttffltattttt}

128 885 220 990 ppque
231 887 284 948 eos
297 885 369 988 (pos
382 869 508 989 dtiligpnt
521 868 643 988 (expres,
656 867 879 990 inquambfilips,
892 869 1011 991 amipos)
1029 870 1070 989 ap)
1082 869 1138 989 hepl
1149 869 1303 990 hortentpr.

128 953 1227 1074 ..tratt.t‘?tat¹ttgttttttt...lutitantattat*
1240 955 1305 1058 asii

129 1073 206 1126 dicet
218 1076 345 1125 vestrum
359 1072 437 1140 quis:
456 1071 591 1142 Diligunt
610 1087 658 1124 eos
676 1089 710 1124 ae
729 1071 764 1124 de
782 1071 818 1124 iis
831 1077 897 1124 sunt
910 1071 1037 1126 solliciti.
1072 1072 1108 1124 ld
1120 1073 1239 1126 stultum
1252 1079 1303 1126 est.

127 1139 200 1194 Nam
218 1157 270 1192 our
285 1139 403 1192 tandem
424 1155 472 1194 eos
489 1143 637 1209 aegrotare
650 1138 800 1206 uidentes,
820 1141 912 1194 autin
923 1140 1021 1194 mortis
1034 1139 1109 1194 viam
1121 1140 1240 1206 abduci,
1254 1146 1304 1194 aut

145 1207 269 1261 uaedam
286 1206 345 1260 alia
361 1207 483 1260 molesta
500 1205 654 1273 sustinere,
673 1212 791 1278 gemunt
810 1213 895 1276 atque
908 1206 1098 1260 miserantur?
1117 1207 1162 1260 Ita
1178 1207 1202 1260 si
1215 1207 1304 1261 credi-

128 1225 255 1341 dissent,
277 1274 374 1395 ignem
386 1279 533 1328 aeternum
546 1291 658 1327 manere
673 1291 720 1328 eos
734 1274 782 1343 qui
794 1274 888 1328 Deum
900 1293 957 1328 non
970 1275 1077 1340 colunt,
1090 1293 1147 1328 non
1160 1281 1304 1327 cessarent

128 1360 242 1397 monere
261 1359 295 1395 ve
325 1348 462 1411 tanquam
480 1341 515 1394 de
532 1340 696 1396 infidelibus
715 1341 825 1408 dolere,
843 1343 909 1394 dum
929 1359 976 1395 eos
995 1347 1114 1396 cernunt
1133 1341 1303 1408 incredulos,

128 1411 200 1464 certi
213 1410 329 1464 futurae
342 1410 455 1463 illorum
467 1425 584 1479 poenae.
602 1408 684 1464 Nunc
698 1427 765 1480 ergo
778 1409 921 1479 hospitam
930 1408 1098 1463 accersitam
1111 1409 1303 1480 interrogab0‚

127 1497 194 1532 num
210 1477 309 1548 legem
325 1483 451 1531 nostram
466 1477 600 1530 velitem
621 1477 703 1542 lecti,
725 1483 755 1529 et
772 1483 856 1546 prout
878 1493 1054 1546 consequens
1075 1475 1162 1530 fuerit
1179 1493 1304 1547 agemus.

127 1546 166 1599 At
178 1551 276 1599 vestra
288 1551 380 1598 mater
393 1544 534 1614 quoniam,
548 1549 580 1597 ut
594 1495 677 1598 <iacet
689 1543 812 1611 fidelem,
825 1544 856 1598 in
867 1544 1040 1616 baptismum
1052 1543 1177 1598 animata
1190 1551 1243 1611 est,
1257 1545 1304 1598 vel

127 1631 183 1667 uno
198 1614 246 1666 die
260 1619 328 1666 ante
340 1613 513 1682 baptismum
525 1611 641 1665 ieiunet.

195 1712 303 1769 CVIII.
338 1713 394 1766 Illa
410 1729 475 1767 vero
495 1712 607 1766 iurabat
625 1713 737 1767 diceus:
756 1712 877 1767 Duobus
895 1731 927 1766 su
949 1711 1085 1767 erioribus
1104 1711 1219 1779 diebus,
1239 1712 1303 1766 dum

128 1799 208 1836 narro
218 1781 334 1834 mulieri
344 1779 423 1834 Petri
432 1779 638 1852 recognitionis
650 1786 791 1847 eventum,
804 1798 871 1852 prae
881 1731 971 1835 muito
983 1780 1089 1852 gaudio
1098 1781 1192 1834 cibum
1203 1797 1303 1850 capere

128 1847 1305 1985 titiistitetthtatitattlttttttttt¹..ttitfflffltttttt

129 1984 181 2038 ait:
200 1983 284 2040 Nihil
302 2001 370 2054 ergo
388 1935 522 2054 impius,
540 1982 608 2052 quin
623 1955 792 2053 baptizetur.
828 1984 902 2038 Tum
918 1936 1036 2038 Petius:
1061 1983 1100 2038 At
1118 1983 1173 2038 hoc
1190 2000 1247 2038 uon
1259 1988 1304 2038 est

129 2051 266 2122 baptismi
288 2051 439 2117 ieiunium,
464 2051 541 2121 quod
561 2068 619 2105 uon
659 2057 754 2120 ropter
776 2051 807 2103 id
827 2051 1003 2106 factumest.
1032 2051 1077 2120 ‚Et
1100 2051 1304 2105 Faustinianus

127 2119 292 2190 respondit:
313 2117 370 2172 Sed
382 2118 504 2172 fortasse
517 2118 597 2170 Deus
610 2069 709 2172 veiens
728 2124 845 2173 matrem
858 2125 983 2174 nostram
995 2136 1031 2173 ne
1043 2137 1099 2174 uno
1112 2119 1226 2189 quidem
1239 2125 1305 2200 post

127 2187 358 2258 recognitionem
368 2186 414 2239 die
427 2191 551 2240 anostra
560 2203 658 2240 mensa
668 2187 800 2266 separari,
813 2187 867 2240 hoc
877 2188 1014 2242 ieiunium
1023 2187 1204 2256 praestruxit.
1224 2186 1304 2241 Sicut

128 2255 203 2308 enim
222 2255 253 2306 in
270 2253 450 2325 ignoratione
471 2253 594 2308 servavit
612 2254 780 2324 pudicitiam
793 2255 823 2307 id
836 2255 911 2324 quod
922 2256 1073 2310 veritatem
1086 2255 1169 2308 decet
1182 2254 1302 2321 faciens,

127 2322 168 2376 ita
180 2327 211 2376 et
223 2339 300 2375 nune
310 2320 474 2381 Deus-forte
485 2321 619 2392 providit,
633 2339 695 2376 eam
704 2329 771 2376 ante
783 2340 868 2376 unum
879 2322 954 2376 diem
965 2323 995 2374 in
1005 2322 1167 2392 ignorantia
1176 2321 1302 2376 ieiunare

126 2407 176 2460 pro
189 2406 258 2444 vero
270 2389 429 2468 baptismo,
445 2394 478 2442 ut
491 2389 609 2458 aprime
622 2388 668 2443 die
681 2407 736 2458 quo
750 2407 802 2444 nos
814 2390 932 2461 agnovit
944 2390 1093 2443 uobiscum
1105 2394 1203 2458 posset
1217 2389 1304 2443 etiam

129 2457 220 2512 salem
234 2473 285 2510 seu
298 2457 393 2510 cibum
405 2455 559 2526 percipere.

195 2556 274 2610 CIX.
311 2557 384 2610 Tum
396 2557 497 2610 Petrus
509 2556 575 2612 Non
587 2575 653 2624 nos,
668 2557 697 2610 iu
717 2556 775 2624 uit,
793 2556 890 2611 vincat
905 2557 1016 2611 malitia
1028 2562 1205 2627 praetextum
1217 2562 1303 2612 nacta

127 2625 339 2705 providentiam
352 2631 381 2678 et
393 2624 492 2679 matris
505 2625 653 2678 affectum:
674 2641 703 2678 se
738 2624 830 2695 magis
843 2641 893 2678 vos
906 2629 936 2678 et
949 2641 1002 2696 ego
1015 2625 1162 2679 vobiscum
1175 2623 1259 2679 hodie
1273 2625 1303 2678 in

128 2693 237 2746 ieiunio
277 2709 484 2758 ermaneamus,
502 2699 531 2746 et
549 2709 610 2746 cras
627 2692 828 2762 baptizabitur.
863 2691 963 2761 Neque
981 2692 1056 2746 enim
1073 2692 1227 2746 hodiernae
1245 2692 1303 2746 diei

127 2760 198 2815 hora
211 2761 249 2814 ad
255 2711 433 2830 haptismum
446 2764 514 2829 apta
527 2765 578 2814 est.
614 2759 714 2830 Itaque
729 2760 770 2814 sic
789 2758 851 2814 fieri
863 2777 960 2814 omues
972 2761 1175 2814 consensimus.
1210 2758 1303 2813 Multo

130 2835 227 2882 autem
239 2827 377 2882 maturius
391 2845 475 2897 quam
485 2827 613 2896 quotidie
624 2827 735 2882 solebat
744 2829 845 2882 Petrus
855 2827 1035 2898 experrectus
1048 2828 1085 2882 ad
1096 2845 1148 2882 nos
1157 2827 1304 2898 ingressus

131 2903 191 2962 est,
211 2913 283 2965 quos
304 2912 401 2949 somno
419 2894 570 2962 excitavit,
590 2901 620 2949 at
637 2896 724 2949 dixit:
750 2895 906 2951 Faustinus
928 2901 957 2950 et
973 2896 1176 2952 Faustinianus
1192 2912 1304 2966 unaque

131 2962 267 3017 Clemens
280 2980 344 3016 cum
362 2962 421 3015 suis
437 2979 481 3016 me
500 2969 666 3032 sequantur,
682 2969 715 3018 ut
731 2964 879 3018 venientes
897 2963 934 3020 ad
954 2964 1100 3019 obtectum
1112 2964 1197 3020 maris
1209 2964 1304 3019 locum

128 3030 281 3102 baptizare
295 3047 356 3084 eam
369 3031 520 3100 possimus.

198 3130 260 3184 CX.
297 3129 368 3184 Cum
385 3130 475 3202 igitur
491 3147 617 3185 essemus
636 3131 665 3184 in
682 3133 779 3186 littore
796 3132 872 3186 inter
890 3150 958 3188 saxa
971 3135 1122 3204 quaedam,
1144 3152 1216 3204 quae
1228 3139 1303 3188 tran·

149 3198 253 3252 uillum
266 3199 441 3252 otmundum
454 3199 547 3253 locum
559 3199 736 3269 praebebant
748 3199 908 3268 baptizavit
926 3217 988 3254 eam
1005 3201 1035 3254 in
1047 3203 1159 3256 nomine
1171 3202 1261 3270 patris
1275 3206 1304 3254 et

129 3217 183 3321 ilii
197 3272 227 3320 et
241 3266 358 3336 spiritus
373 3265 473 3320 sancti.
509 3265 677 3320 Nosautem
689 3267 790 3320 fratres
804 3267 895 3320 etalii
926 3267 1023 3320 uidam
1040 3269 1209 3321 secessimus
1222 3267 1303 3320 muli-

129 3352 209 3389 erum
221 3334 324 3406 gratia.
358 3334 465 3388 Postea
476 3333 578 3388 Petrus
594 3334 727 3388 mulieres
745 3333 781 3387 ob
798 3333 914 3386 multitu
938 3334 1011 3386 'nem
1027 3333 1173 3402 praemisit
1192 3333 1302 3398 iubens,

128 3411 160 3455 ut
172 3419 225 3472 per
241 3401 360 3456 alteram
377 3401 452 3456 viam
469 3401 543 3455 irent
560 3401 597 3456 ad
614 3401 783 3472 hospitium,
801 3400 1065 3470 solisque-virorum
1077 3399 1159 3453 nobis
1173 3399 1303 3468 permisit

128 3477 248 3524 matrem
261 3487 295 3523 ac
307 3469 439 3523 mulieres
453 3469 589 3523 comitari.
624 3469 781 3524 Venientes
797 3485 864 3540 ergo
878 3468 916 3522 ad
927 3467 1120 3534 diversorium,
1134 3472 1163 3520 et
1175 3471 1300 3536 praesto-

128 3537 224 3591 lantes
238 3536 392 3590 adventum
404 3535 484 3591 illius
497 3536 727 3607 colloquebamur
738 3536 867 3591 invicem.
885 3535 955 3591 Post
968 3541 1013 3591 sat
1025 3535 1129 3589 multas
1142 3551 1208 3588 vero
1218 3533 1301 3588 horas

129 3775 153 3836 5)
186 3776 235 3828 ἐπὶ
264 3776 303 3842 τῷ
330 3779 504 3856 βαπτίσματι
530 3777 585 3826 add.
615 3778 698 3828 Codex
741 3780 772 3831 V.
795 3806 828 3816 -
845 3775 872 3846 6)
891 3775 964 3830 οὕτω
983 3779 1011 3829 0.
1028 3803 1062 3812 -
1086 3771 1113 3844 7)
1130 3773 1234 3847 ἡμέρας
1251 3776 1302 3827 des.

129 3846 205 3894 Hom.
232 3845 317 3896 Ottob.
341 3849 366 3893 et
393 3847 463 3910 Eprt.
488 3873 523 3880 -
550 3841 578 3911 6)
608 3839 696 3897 θανά-
739 3847 767 3896 in
780 3849 810 3898 0.

131 3929 169 3978 τῳ
189 3913 218 3962 Ο.
236 3939 269 3947 -
290 3907 317 3978 7)
334 3909 461 3964 ἐλεοῦσιν
479 3913 507 3962 0.
526 3939 560 3948 —-
577 3910 604 3974 8)
624 3907 696 3982 πρά·
791 3915 850 3980 Gap.
875 3913 941 3964 alx.
981 3907 1008 3978 1)
1041 3908 1057 3978 ἡ
1082 3911 1133 3962 des.
1159 3913 1187 3960 in
1217 3911 1241 3960 V.
1267 3937 1302 3946 -

132 3980 223 4047 ἕωμεν
236 3981 266 4029 0.
739 3977 765 4044 2)
784 3977 857 4032 οὕτω
871 3982 899 4030 0.
917 4008 952 4016 -
968 3975 995 4042 3)
1014 3974 1029 4028 ὁ
1048 3979 1157 4046 Πέτρος
1168 3977 1301 4028 dronven-

740 4050 819 4106 σθεὶς
831 4047 891 4097 ordo
902 4049 929 4097 in
940 4049 968 4098 0.
981 4072 1015 4082 -
1026 4041 1052 4110 4)
1069 4037 1302 4109 ἀκολουθὴτωσάν

181 4115 241 4180 Cap.
267 4113 359 4164 CVIII.
396 4110 423 4181 1)
449 4111 492 4164 ὅτι
519 4109 570 4166 δύο
601 4116 630 4166 Ο,
663 4141 696 4150 -
738 4133 789 4184 μοι
803 4116 834 4164 V.

129 4179 155 4244 2)
170 4184 282 4254 Πέτρου
295 4197 342 4230 om.
356 4183 383 4244 V,
400 4182 444 4246 qui
461 4182 566 4232 subinde
584 4178 617 4232 τὰ
628 4177 696 4234 κατὰ
791 4182 851 4246 Gap.
865 4181 917 4231 ΟΧ.
949 4178 974 4242 1)
986 4177 1110 4247 γαληνοῦ
1121 4180 1167 4230 καὶ
1179 4177 1303 4245 καθαροῦ

131 4249 188 4302 τῶν
199 4247 432 4318 ἀναγνωρισμῶν.
447 4276 480 4285 -
496 4247 521 4314 3)
563 4248 611 4307 θὲς
623 4251 651 4298 0.
664 4277 697 4285 —
741 4243 832 4299 τόπου
843 4248 890 4310 leg.
902 4249 930 4297 0.
943 4275 977 4284 -
997 4244 1022 4309 2)
1036 4242 1082 4298 dui
1095 4241 1145 4298 τὸν
1157 4240 1241 4314 ὄχλον
1252 4263 1301 4296 om.

129 4313 157 4384 4)
189 4314 362 4388 μαρτυρήσει
390 4318 421 4368 V.
456 4343 489 4355 -
523 4267 561 4384 bi
583 4313 619 4376 ὡς
648 4333 696 4368 om.
741 4318 770 4380 0,
784 4310 831 4367 διὰ
844 4309 1055 4383 τῶνὸχλωνεοῐ.
1068 4316 1101 4376 V,
1112 4315 1157 4366 ubi
1168 4313 1304 4366 deindeest
