<?xml version="1.0" encoding="UTF-8"?>
<!DOCTYPE html PUBLIC "-//W3C//DTD XHTML 1.0 Transitional//EN"
    "http://www.w3.org/TR/xhtml1/DTD/xhtml1-transitional.dtd">
<html xmlns="http://www.w3.org/1999/xhtml" xml:lang="en" lang="en">
 <head>
  <title>
</title>
<meta http-equiv="Content-Type" content="text/html;charset=utf-8" />
  <meta name='ocr-system' content='tesseract 3.04.00' />
  <meta name='ocr-capabilities' content='ocr_page ocr_carea ocr_par ocr_line ocrx_word'/>
</head>
<body>
  <div class='ocr_page' id='page_1' title='image "./missing/clementinorumep00dresgoog/clementinorumep00dresgoog_0129.png"; bbox 0 0 3126 4894; ppageno 0'>
   <div class='ocr_carea' id='block_1_1' title="bbox 276 249 967 316">
    <p class='ocr_par' dir='ltr' id='par_1_1' title="bbox 276 249 967 316">
     <span class='ocr_line' id='line_1_1' title="bbox 276 249 967 316; baseline 0.004 -4"><span class='ocrx_word' id='word_1_1' title='bbox 276 249 337 312; x_wconf 86' lang='lat'>110</span> <span class='ocrx_word' id='word_1_2' title='bbox 740 263 967 316; x_wconf 66' lang='grc' dir='ltr'><strong><em>διακοῦσαι</em></strong></span> 
     </span>
    </p>
   </div>
   <div class='ocr_carea' id='block_1_2' title="bbox 233 391 1450 3563">
    <p class='ocr_par' dir='ltr' id='par_1_2' title="bbox 233 391 1448 1930">
     <span class='ocr_line' id='line_1_2' title="bbox 361 391 1447 522; baseline 0.002 -44"><span class='ocrx_word' id='word_1_3' title='bbox 361 391 484 478; x_wconf 83' lang='lat' dir='ltr'>CLXV</span> <span class='ocrx_word' id='word_1_4' title='bbox 519 414 724 522; x_wconf 78' lang='grc' dir='ltr'><strong><em>Συστάγτες</em></strong></span> <span class='ocrx_word' id='word_1_5' title='bbox 695 441 742 484; x_wconf 88' lang='grc' dir='ltr'><strong><em>ουν</em></strong></span> <span class='ocrx_word' id='word_1_6' title='bbox 754 416 794 479; x_wconf 86' lang='grc' dir='ltr'><strong><em>ε”π</em></strong></span> <span class='ocrx_word' id='word_1_7' title='bbox 806 416 890 480; x_wconf 77' lang='grc' dir='ltr'><strong><em>αὐτὸν</em></strong></span> <span class='ocrx_word' id='word_1_8' title='bbox 902 418 930 480; x_wconf 90' lang='grc' dir='ltr'><strong><em>οἱ</em></strong></span> <span class='ocrx_word' id='word_1_9' title='bbox 941 417 1125 499; x_wconf 74' lang='grc' dir='ltr'><strong><em>πονηρότατοι</em></strong></span> <span class='ocrx_word' id='word_1_10' title='bbox 1139 421 1195 480; x_wconf 78' lang='grc' dir='ltr'><strong><em>τῶν</em></strong></span> <span class='ocrx_word' id='word_1_11' title='bbox 1206 421 1355 482; x_wconf 77' lang='grc' dir='ltr'><strong><em>πολιτῶν</em></strong></span> <span class='ocrx_word' id='word_1_12' title='bbox 1338 429 1447 490; x_wconf 78' lang='grc' dir='ltr'><strong><em>εκεῖνοι,</em></strong></span> 
     </span>
     <span class='ocr_line' id='line_1_3' title="bbox 275 495 1449 608; baseline 0 -42"><span class='ocrx_word' id='word_1_13' title='bbox 275 503 382 586; x_wconf 77' lang='grc' dir='ltr'><strong><em>ψόγους</em></strong></span> <span class='ocrx_word' id='word_1_14' title='bbox 396 527 440 576; x_wconf 87' lang='grc' dir='ltr'><strong><em>τε,</em></strong></span> <span class='ocrx_word' id='word_1_15' title='bbox 459 499 498 572; x_wconf 78' lang='lat'><strong><em>064</em></strong></span> <span class='ocrx_word' id='word_1_16' title='bbox 513 495 592 576; x_wconf 73' lang='grc' dir='ltr'><strong><em>αὐτοὶ</em></strong></span> <span class='ocrx_word' id='word_1_17' title='bbox 607 501 703 580; x_wconf 78' lang='grc' dir='ltr'><strong><em>ᾤοντο,</em></strong></span> <span class='ocrx_word' id='word_1_18' title='bbox 719 501 906 606; x_wconf 73' lang='grc' dir='ltr'><strong><em>καταχέουσιν</em></strong></span> <span class='ocrx_word' id='word_1_19' title='bbox 916 501 1001 564; x_wconf 80' lang='grc' dir='ltr'><strong><em>αὐτοῦ</em></strong></span> <span class='ocrx_word' id='word_1_20' title='bbox 1020 502 1183 608; x_wconf 86' lang='grc' dir='ltr'><strong><em>πονηρούς,</em></strong></span> <span class='ocrx_word' id='word_1_21' title='bbox 1189 529 1236 565; x_wconf 90' lang='grc' dir='ltr'><strong><em>και</em></strong></span> <span class='ocrx_word' id='word_1_22' title='bbox 1228 499 1395 574; x_wconf 69' lang='lat'>*00664’</span> <span class='ocrx_word' id='word_1_23' title='bbox 1378 504 1449 566; x_wconf 85' lang='grc' dir='ltr'><strong><em>επά·</em></strong></span> 
     </span>
     <span class='ocr_line' id='line_1_4' title="bbox 274 581 1450 691; baseline -0.001 -40"><span class='ocrx_word' id='word_1_24' title='bbox 274 588 368 672; x_wconf 72' lang='grc' dir='ltr'><strong><em>γουσι’</em></strong></span> <span class='ocrx_word' id='word_1_25' title='bbox 388 587 441 657; x_wconf 84' lang='grc' dir='ltr'><strong><em>τὰς</em></strong></span> <span class='ocrx_word' id='word_1_26' title='bbox 461 586 567 658; x_wconf 92' lang='grc' dir='ltr'><strong><em>αι’τιάς,</em></strong></span> <span class='ocrx_word' id='word_1_27' title='bbox 584 586 710 690; x_wconf 86' lang='grc' dir='ltr'><strong><em>γοητείαν</em></strong></span> <span class='ocrx_word' id='word_1_28' title='bbox 733 583 810 662; x_wconf 78' lang='grc' dir='ltr'><strong><em>αύτῷ</em></strong></span> <span class='ocrx_word' id='word_1_29' title='bbox 825 585 1023 691; x_wconf 65' lang='grc' dir='ltr'><strong><em>περιάπτοντες</em></strong></span> <span class='ocrx_word' id='word_1_30' title='bbox 1037 581 1084 649; x_wconf 76' lang='grc' dir='ltr'><strong><em>καί</em></strong></span> <span class='ocrx_word' id='word_1_31' title='bbox 1103 589 1154 667; x_wconf 82' lang='grc' dir='ltr'><strong><em>της</em></strong></span> <span class='ocrx_word' id='word_1_32' title='bbox 1168 589 1276 691; x_wconf 85' lang='grc' dir='ltr'><strong><em>ἐκείνων</em></strong></span> <span class='ocrx_word' id='word_1_33' title='bbox 1291 588 1450 668; x_wconf 75' lang='grc' dir='ltr'><strong><em>θρησκείας</em></strong></span> 
     </span>
     <span class='ocr_line' id='line_1_5' title="bbox 233 645 1448 778; baseline 0.002 -46"><span class='ocrx_word' id='word_1_34' title='bbox 233 725 236 732; x_wconf 87' lang='grc'><strong><em>,</em></strong></span> <span class='ocrx_word' id='word_1_35' title='bbox 274 672 449 753; x_wconf 62' lang='grc' dir='ltr'><strong><em>ἀνατροπὴν,</em></strong></span> <span class='ocrx_word' id='word_1_36' title='bbox 475 668 548 732; x_wconf 90' lang='grc' dir='ltr'><strong><em>άλλα</em></strong></span> <span class='ocrx_word' id='word_1_37' title='bbox 568 694 597 731; x_wconf 86' lang='grc' dir='ltr'><strong><em>τε</em></strong></span> <span class='ocrx_word' id='word_1_38' title='bbox 617 666 708 732; x_wconf 85' lang='grc' dir='ltr'><strong><em>πολλά</em></strong></span> <span class='ocrx_word' id='word_1_39' title='bbox 727 645 872 751; x_wconf 80' lang='grc' dir='ltr'><strong><em>ἐξυβρίζειν</em></strong></span> <span class='ocrx_word' id='word_1_40' title='bbox 892 670 978 733; x_wconf 85' lang='grc' dir='ltr'><strong><em>αύτδν</em></strong></span> <span class='ocrx_word' id='word_1_41' title='bbox 991 672 1127 752; x_wconf 73' lang='grc' dir='ltr'><strong><em>λέγοντες,</em></strong></span> <span class='ocrx_word' id='word_1_42' title='bbox 1147 667 1193 733; x_wconf 77' lang='grc' dir='ltr'><strong><em>καί</em></strong></span> <span class='ocrx_word' id='word_1_43' title='bbox 1215 671 1280 742; x_wconf 84' lang='grc' dir='ltr'><strong><em>τοῦς</em></strong></span> <span class='ocrx_word' id='word_1_44' title='bbox 1294 672 1448 778; x_wconf 75' lang='grc' dir='ltr'><strong><em>πατρῴους</em></strong></span> 
     </span>
     <span class='ocr_line' id='line_1_6' title="bbox 273 751 1447 881; baseline -0.003 -61"><span class='ocrx_word' id='word_1_45' title='bbox 273 756 407 836; x_wconf 73' lang='grc' dir='ltr'><strong><em>διασύρειν</em></strong></span> <span class='ocrx_word' id='word_1_46' title='bbox 422 753 521 825; x_wconf 85' lang='grc' dir='ltr'><strong><em>θεούς·</em></strong></span> <span class='ocrx_word' id='word_1_47' title='bbox 541 753 591 816; x_wconf 88' lang='grc' dir='ltr'><strong><em>τὸν</em></strong></span> <span class='ocrx_word' id='word_1_48' title='bbox 610 751 659 834; x_wconf 68' lang='grc' dir='ltr'><strong><em>με’-ν</em></strong></span> <span class='ocrx_word' id='word_1_49' title='bbox 679 751 814 816; x_wconf 87' lang='grc' dir='ltr'><strong><em>ἀπάντων</em></strong></span> <span class='ocrx_word' id='word_1_50' title='bbox 832 758 929 819; x_wconf 61' lang='lat'>&amp;066²</span> <span class='ocrx_word' id='word_1_51' title='bbox 934 756 1072 861; x_wconf 81' lang='grc' dir='ltr'><strong><em>μέχιστον</em></strong></span> <span class='ocrx_word' id='word_1_52' title='bbox 1087 755 1146 817; x_wconf 80' lang='grc' dir='ltr'><strong><em>Δία</em></strong></span> <span class='ocrx_word' id='word_1_53' title='bbox 1165 751 1234 857; x_wconf 71' lang='grc' dir='ltr'><strong><em>μηδὲ</em></strong></span> <span class='ocrx_word' id='word_1_54' title='bbox 1251 755 1323 820; x_wconf 79' lang='grc' dir='ltr'><strong><em>θεὸν</em></strong></span> <span class='ocrx_word' id='word_1_55' title='bbox 1329 753 1447 881; x_wconf 74' lang='lat'><strong><em>³6616034</em></strong></span> 
     </span>
     <span class='ocr_line' id='line_1_7' title="bbox 271 835 1446 945; baseline -0.003 -40"><span class='ocrx_word' id='word_1_56' title='bbox 271 839 454 943; x_wconf 72' lang='grc' dir='ltr'><strong><em>ὀνομάζοντα,</em></strong></span> <span class='ocrx_word' id='word_1_57' title='bbox 468 836 628 942; x_wconf 67' lang='lat' dir='ltr'>H66660&#39;0</span> <span class='ocrx_word' id='word_1_58' title='bbox 631 835 699 900; x_wconf 67' lang='grc' dir='ltr'><strong><em>δὲ’</em></strong></span> <span class='ocrx_word' id='word_1_59' title='bbox 674 863 722 900; x_wconf 93' lang='grc' dir='ltr'><strong><em>τον</em></strong></span> <span class='ocrx_word' id='word_1_60' title='bbox 739 837 893 921; x_wconf 79' lang='grc' dir='ltr'><strong><em>Ἀλκμηνης</em></strong></span> <span class='ocrx_word' id='word_1_61' title='bbox 914 838 961 944; x_wconf 68' lang='grc' dir='ltr'><strong><em>τόν</em></strong></span> <span class='ocrx_word' id='word_1_62' title='bbox 981 840 1090 902; x_wconf 92' lang='grc' dir='ltr'><strong><em>ἐκείνων</em></strong></span> <span class='ocrx_word' id='word_1_63' title='bbox 1109 836 1179 920; x_wconf 81' lang='grc' dir='ltr'><strong><em>φασί</em></strong></span> <span class='ocrx_word' id='word_1_64' title='bbox 1201 841 1341 920; x_wconf 75' lang='grc' dir='ltr'><strong><em>σωτῆρα,3</em></strong></span> <span class='ocrx_word' id='word_1_65' title='bbox 1358 843 1446 945; x_wconf 74' lang='grc' dir='ltr'><strong><em>ἐναγη</em></strong></span> 
     </span>
     <span class='ocr_line' id='line_1_8' title="bbox 272 917 1446 1028; baseline -0.001 -40"><span class='ocrx_word' id='word_1_66' title='bbox 272 925 334 1028; x_wconf 80' lang='grc' dir='ltr'><strong><em>τιγά</em></strong></span> <span class='ocrx_word' id='word_1_67' title='bbox 350 925 481 1025; x_wconf 89' lang='grc' dir='ltr'><strong><em>δαίμονα</em></strong></span> <span class='ocrx_word' id='word_1_68' title='bbox 485 917 531 985; x_wconf 79' lang='grc' dir='ltr'><strong><em>καί</em></strong></span> <span class='ocrx_word' id='word_1_69' title='bbox 550 922 648 1026; x_wconf 81' lang='grc' dir='ltr'><strong><em>μμιρὸγ</em></strong></span> <span class='ocrx_word' id='word_1_70' title='bbox 664 922 920 998; x_wconf 73' lang='grc' dir='ltr'><strong><em>ἀποκαλοῦντα,</em></strong></span> <span class='ocrx_word' id='word_1_71' title='bbox 900 922 1002 1002; x_wconf 80' lang='grc' dir='ltr'><strong><em>πόρνην</em></strong></span> <span class='ocrx_word' id='word_1_72' title='bbox 1017 947 1047 984; x_wconf 85' lang='grc' dir='ltr'><strong><em>τι</em></strong></span> <span class='ocrx_word' id='word_1_73' title='bbox 1062 923 1111 1004; x_wconf 80' lang='grc' dir='ltr'><strong><em>τὴν</em></strong></span> <span class='ocrx_word' id='word_1_74' title='bbox 1129 924 1211 1005; x_wconf 82' lang='grc' dir='ltr'><strong><em>φιλην</em></strong></span> <span class='ocrx_word' id='word_1_75' title='bbox 1226 924 1440 1006; x_wconf 85' lang='grc' dir='ltr'><strong><em>Αφροδίτην’</em></strong></span> <span class='ocrx_word' id='word_1_76' title='bbox 1412 950 1446 987; x_wconf 89' lang='grc' dir='ltr'><strong><em>ει-</em></strong></span> 
     </span>
     <span class='ocr_line' id='line_1_9' title="bbox 272 1003 1446 1115; baseline -0.001 -42"><span class='ocrx_word' id='word_1_77' title='bbox 272 1009 410 1115; x_wconf 86' lang='grc' dir='ltr'><strong><em>σάγοντα,</em></strong></span> <span class='ocrx_word' id='word_1_78' title='bbox 434 1003 482 1068; x_wconf 80' lang='grc' dir='ltr'><strong><em>καί.</em></strong></span> <span class='ocrx_word' id='word_1_79' title='bbox 497 1005 546 1088; x_wconf 81' lang='lat'><strong><em>066</em></strong></span> <span class='ocrx_word' id='word_1_80' title='bbox 561 1004 690 1086; x_wconf 76' lang='grc' dir='ltr'><strong><em>ἑκηβόλον</em></strong></span> <span class='ocrx_word' id='word_1_81' title='bbox 700 1006 845 1109; x_wconf 74' lang='grc' dir='ltr'><strong><em>Ἆρτεγον,</em></strong></span> <span class='ocrx_word' id='word_1_82' title='bbox 869 1004 916 1070; x_wconf 81' lang='grc' dir='ltr'><strong><em>καὶ</em></strong></span> <span class='ocrx_word' id='word_1_83' title='bbox 936 1006 983 1069; x_wconf 82' lang='grc' dir='ltr'><strong><em>τὸν</em></strong></span> <span class='ocrx_word' id='word_1_84' title='bbox 1002 1007 1090 1112; x_wconf 72' lang='grc' dir='ltr'><strong><em>σοφίγν</em></strong></span> <span class='ocrx_word' id='word_1_85' title='bbox 1105 1005 1256 1113; x_wconf 63' lang='grc' dir='ltr'><strong><em>Ἑρμην,“</em></strong></span> <span class='ocrx_word' id='word_1_86' title='bbox 1230 1034 1279 1071; x_wconf 92' lang='grc' dir='ltr'><strong><em>τον</em></strong></span> <span class='ocrx_word' id='word_1_87' title='bbox 1293 1034 1343 1070; x_wconf 89' lang='grc' dir='ltr'><strong><em>τοο</em></strong></span> <span class='ocrx_word' id='word_1_88' title='bbox 1330 1007 1446 1090; x_wconf 65' lang='grc' dir='ltr'><strong><em>ἰλόγου</em></strong></span> 
     </span>
     <span class='ocr_line' id='line_1_10' title="bbox 272 1035 1446 1195; baseline -0.003 -38"><span class='ocrx_word' id='word_1_89' title='bbox 272 1093 355 1157; x_wconf 87' lang='grc' dir='ltr'><strong><em>θεόν</em></strong></span> <span class='ocrx_word' id='word_1_90' title='bbox 370 1093 418 1154; x_wconf 87' lang='grc' dir='ltr'><strong><em>τὸν</em></strong></span> <span class='ocrx_word' id='word_1_91' title='bbox 433 1035 579 1170; x_wconf 84' lang='grc' dir='ltr'><strong><em>πολεγάκόν</em></strong></span> <span class='ocrx_word' id='word_1_92' title='bbox 593 1115 624 1151; x_wconf 93' lang='grc' dir='ltr'><strong><em>τε</em></strong></span> <span class='ocrx_word' id='word_1_93' title='bbox 633 1086 799 1191; x_wconf 80' lang='grc' dir='ltr'><strong><em>Αρεα,</em></strong></span> <span class='ocrx_word' id='word_1_94' title='bbox 752 1116 799 1195; x_wconf 86' lang='grc' dir='ltr'><strong><em>κμι</em></strong></span> <span class='ocrx_word' id='word_1_95' title='bbox 816 1093 866 1154; x_wconf 86' lang='grc' dir='ltr'><strong><em>τὸν</em></strong></span> <span class='ocrx_word' id='word_1_96' title='bbox 882 1090 993 1194; x_wconf 87' lang='grc' dir='ltr'><strong><em>Κρόνον</em></strong></span> <span class='ocrx_word' id='word_1_97' title='bbox 1009 1091 1094 1192; x_wconf 64' lang='grc' dir='ltr'><strong><em>αὐτόν</em></strong></span> <span class='ocrx_word' id='word_1_98' title='bbox 1109 1093 1204 1172; x_wconf 78' lang='grc' dir='ltr'><strong><em>ἐπίσης</em></strong></span> <span class='ocrx_word' id='word_1_99' title='bbox 1218 1097 1446 1195; x_wconf 80' lang='grc' dir='ltr'><strong><em>βλασφημοῦντα</em></strong></span> 
     </span>
     <span class='ocr_line' id='line_1_11' title="bbox 271 1169 1445 1279; baseline -0.003 -38"><span class='ocrx_word' id='word_1_100' title='bbox 271 1177 383 1247; x_wconf 84' lang='grc' dir='ltr'><strong><em>πάντας</em></strong></span> <span class='ocrx_word' id='word_1_101' title='bbox 397 1201 443 1239; x_wconf 85' lang='grc' dir='ltr'><strong><em>και</em></strong></span> <span class='ocrx_word' id='word_1_102' title='bbox 436 1171 659 1278; x_wconf 68' lang='grc' dir='ltr'><strong><em>“διαβάλλογτα,</em></strong></span> <span class='ocrx_word' id='word_1_103' title='bbox 683 1169 728 1236; x_wconf 80' lang='grc' dir='ltr'><strong><em>καί</em></strong></span> <span class='ocrx_word' id='word_1_104' title='bbox 744 1174 781 1236; x_wconf 89' lang='grc' dir='ltr'><strong><em>τά</em></strong></span> <span class='ocrx_word' id='word_1_105' title='bbox 796 1175 891 1279; x_wconf 77' lang='grc' dir='ltr'><strong><em>τεμένη</em></strong></span> <span class='ocrx_word' id='word_1_106' title='bbox 905 1173 1010 1238; x_wconf 80' lang='grc' dir='ltr'><strong><em>τούτων</em></strong></span> <span class='ocrx_word' id='word_1_107' title='bbox 1025 1171 1071 1238; x_wconf 82' lang='grc' dir='ltr'><strong><em>καί</em></strong></span> <span class='ocrx_word' id='word_1_108' title='bbox 1086 1175 1151 1246; x_wconf 85' lang='grc' dir='ltr'><strong><em>τοῦς</em></strong></span> <span class='ocrx_word' id='word_1_109' title='bbox 1165 1175 1280 1276; x_wconf 78' lang='grc' dir='ltr'><strong><em>βωμούς</em></strong></span> <span class='ocrx_word' id='word_1_110' title='bbox 1290 1178 1445 1258; x_wconf 88' lang='grc' dir='ltr'><strong><em>καταστρέ-</em></strong></span> 
     </span>
     <span class='ocr_line' id='line_1_12' title="bbox 268 1254 1445 1366; baseline -0.003 -41"><span class='ocrx_word' id='word_1_111' title='bbox 268 1287 368 1343; x_wconf 90' lang='grc' dir='ltr'><strong><em>φοντα.</em></strong></span> <span class='ocrx_word' id='word_1_112' title='bbox 393 1259 544 1364; x_wconf 84' lang='grc' dir='ltr'><strong><em>κεφάλαιον</em></strong></span> <span class='ocrx_word' id='word_1_113' title='bbox 557 1262 606 1320; x_wconf 87' lang='grc' dir='ltr'><strong><em>τοῦ</em></strong></span> <span class='ocrx_word' id='word_1_114' title='bbox 614 1254 736 1366; x_wconf 86' lang='grc' dir='ltr'><strong><em>λόγου</em></strong></span> <span class='ocrx_word' id='word_1_115' title='bbox 720 1284 737 1339; x_wconf 89' lang='grc' dir='ltr'><strong><em>η</em></strong></span> <span class='ocrx_word' id='word_1_116' title='bbox 752 1259 873 1322; x_wconf 85' lang='grc' dir='ltr'><strong><em>θυσάτω</em></strong></span> <span class='ocrx_word' id='word_1_117' title='bbox 892 1269 950 1328; x_wconf 84' lang='grc' dir='ltr'><strong><em>τοῖς</em></strong></span> <span class='ocrx_word' id='word_1_118' title='bbox 971 1269 1063 1334; x_wconf 87' lang='grc' dir='ltr'><strong><em>θεοῖς,</em></strong></span> <span class='ocrx_word' id='word_1_119' title='bbox 1086 1259 1224 1341; x_wconf 52' lang='lat' dir='ltr'>6070st</span> <span class='ocrx_word' id='word_1_120' title='bbox 1210 1287 1227 1340; x_wconf 92' lang='grc' dir='ltr'><strong><em>η</em></strong></span> <span class='ocrx_word' id='word_1_121' title='bbox 1247 1264 1296 1340; x_wconf 80' lang='grc' dir='ltr'><strong><em>τῆς</em></strong></span> <span class='ocrx_word' id='word_1_122' title='bbox 1316 1262 1438 1340; x_wconf 49' lang='grc' dir='ltr'><strong><em>ζωῆςΧ</em></strong></span> <span class='ocrx_word' id='word_1_123' title='bbox 1409 1287 1445 1323; x_wconf 91' lang='grc' dir='ltr'><strong><em>το</em></strong></span> 
     </span>
     <span class='ocr_line' id='line_1_13' title="bbox 268 1340 1445 1452; baseline -0.002 -42"><span class='ocrx_word' id='word_1_124' title='bbox 268 1345 354 1427; x_wconf 91' lang='grc' dir='ltr'><strong><em>τάχος</em></strong></span> <span class='ocrx_word' id='word_1_125' title='bbox 374 1341 572 1447; x_wconf 80' lang='grc' dir='ltr'><strong><em>ἀπαλλαγὴτω.</em></strong></span> <span class='ocrx_word' id='word_1_126' title='bbox 593 1341 621 1404; x_wconf 87' lang='grc' dir='ltr'><strong><em>οί</em></strong></span> <span class='ocrx_word' id='word_1_127' title='bbox 632 1367 681 1422; x_wconf 81' lang='grc' dir='ltr'><strong><em>μιν</em></strong></span> <span class='ocrx_word' id='word_1_128' title='bbox 694 1340 742 1406; x_wconf 87' lang='lat'><strong><em>666</em></strong></span> <span class='ocrx_word' id='word_1_129' title='bbox 757 1347 875 1452; x_wconf 68' lang='grc' dir='ltr'><strong><em>τοιαῦτα</em></strong></span> <span class='ocrx_word' id='word_1_130' title='bbox 895 1347 1029 1446; x_wconf 76' lang='grc' dir='ltr'><strong><em>κενοῦντες</em></strong></span> <span class='ocrx_word' id='word_1_131' title='bbox 1048 1345 1159 1406; x_wconf 80' lang='grc' dir='ltr'><strong><em>ἔκδοτον</em></strong></span> <span class='ocrx_word' id='word_1_132' title='bbox 1173 1345 1307 1425; x_wconf 73' lang='grc' dir='ltr'><strong><em>ίγξίουν“</em></strong></span> <span class='ocrx_word' id='word_1_133' title='bbox 1281 1370 1329 1408; x_wconf 89' lang='grc' dir='ltr'><strong><em>τον</em></strong></span> <span class='ocrx_word' id='word_1_134' title='bbox 1344 1369 1445 1424; x_wconf 91' lang='grc' dir='ltr'><strong><em>πατρι-</em></strong></span> 
     </span>
     <span class='ocr_line' id='line_1_14' title="bbox 269 1424 1444 1531; baseline -0.002 -38"><span class='ocrx_word' id='word_1_135' title='bbox 269 1429 413 1512; x_wconf 62' lang='grc' dir='ltr'><strong><em>άρχην*’</em></strong></span> <span class='ocrx_word' id='word_1_136' title='bbox 398 1424 443 1491; x_wconf 76' lang='grc' dir='ltr'><strong><em>επὶ</em></strong></span> <span class='ocrx_word' id='word_1_137' title='bbox 460 1425 583 1506; x_wconf 85' lang='grc' dir='ltr'><strong><em>θανάτῳ</em></strong></span> <span class='ocrx_word' id='word_1_138' title='bbox 601 1429 741 1508; x_wconf 43' lang='lat'>6606</span> <span class='ocrx_word' id='word_1_139' title='bbox 725 1426 768 1510; x_wconf 88' lang='grc' dir='ltr'><strong><em>εφ’</em></strong></span> <span class='ocrx_word' id='word_1_140' title='bbox 783 1425 824 1500; x_wconf 85' lang='grc' dir='ltr'><strong><em>οἷς</em></strong></span> <span class='ocrx_word' id='word_1_141' title='bbox 842 1427 1016 1531; x_wconf 78' lang='grc' dir='ltr'><strong><em>ἠγανάκτουν</em></strong></span> <span class='ocrx_word' id='word_1_142' title='bbox 1030 1427 1142 1502; x_wconf 87' lang='grc' dir='ltr'><strong><em>πάντες,</em></strong></span> <span class='ocrx_word' id='word_1_143' title='bbox 1157 1427 1217 1491; x_wconf 87' lang='grc' dir='ltr'><strong><em>ὅσοι</em></strong></span> <span class='ocrx_word' id='word_1_144' title='bbox 1235 1427 1273 1510; x_wconf 80' lang='grc' dir='ltr'><strong><em>μη</em></strong></span> <span class='ocrx_word' id='word_1_145' title='bbox 1288 1427 1444 1509; x_wconf 88' lang='grc' dir='ltr'><strong><em>χρημάτων</em></strong></span> 
     </span>
     <span class='ocr_line' id='line_1_15' title="bbox 267 1489 1445 1618; baseline -0.003 -40"><span class='ocrx_word' id='word_1_146' title='bbox 267 1515 349 1578; x_wconf 79' lang='grc' dir='ltr'><strong><em>ὤνιον</em></strong></span> <span class='ocrx_word' id='word_1_147' title='bbox 367 1513 416 1596; x_wconf 78' lang='grc' dir='ltr'><strong><em>την</em></strong></span> <span class='ocrx_word' id='word_1_148' title='bbox 431 1489 581 1591; x_wconf 79' lang='grc' dir='ltr'><strong><em>συνείδησιν</em></strong></span> <span class='ocrx_word' id='word_1_149' title='bbox 595 1512 822 1618; x_wconf 73' lang='grc' dir='ltr'><strong><em>προετίθεσαν,</em></strong></span> <span class='ocrx_word' id='word_1_150' title='bbox 817 1538 863 1574; x_wconf 89' lang='grc' dir='ltr'><strong><em>και</em></strong></span> <span class='ocrx_word' id='word_1_151' title='bbox 856 1509 979 1593; x_wconf 78' lang='grc' dir='ltr'><strong><em>λόγους</em></strong></span> <span class='ocrx_word' id='word_1_152' title='bbox 998 1511 1070 1593; x_wconf 85' lang='grc' dir='ltr'><strong><em>πρὸς</em></strong></span> <span class='ocrx_word' id='word_1_153' title='bbox 1084 1511 1133 1576; x_wconf 88' lang='grc' dir='ltr'><strong><em>τόν</em></strong></span> <span class='ocrx_word' id='word_1_154' title='bbox 1153 1515 1237 1593; x_wconf 82' lang='grc' dir='ltr'><strong><em>δῆμον</em></strong></span> <span class='ocrx_word' id='word_1_155' title='bbox 1252 1514 1445 1591; x_wconf 77' lang='grc' dir='ltr'><strong><em>εἰλευθέροος5</em></strong></span> 
     </span>
     <span class='ocr_line' id='line_1_16' title="bbox 267 1592 1443 1720; baseline -0.003 -57"><span class='ocrx_word' id='word_1_156' title='bbox 267 1601 410 1663; x_wconf 83' lang='grc' dir='ltr'><strong><em>ἐποιοῦντο</em></strong></span> <span class='ocrx_word' id='word_1_157' title='bbox 425 1597 455 1660; x_wconf 89' lang='grc' dir='ltr'><strong><em>τί</em></strong></span> <span class='ocrx_word' id='word_1_158' title='bbox 466 1599 505 1674; x_wconf 73' lang='grc' dir='ltr'><strong><em>τῷ</em></strong></span> <span class='ocrx_word' id='word_1_159' title='bbox 520 1593 677 1720; x_wconf 84' lang='grc' dir='ltr'><strong><em>πατριάρχη</em></strong></span> <span class='ocrx_word' id='word_1_160' title='bbox 693 1596 779 1659; x_wconf 87' lang='grc' dir='ltr'><strong><em>κακὸν</em></strong></span> <span class='ocrx_word' id='word_1_161' title='bbox 793 1592 943 1679; x_wconf 85' lang='grc' dir='ltr'><strong><em>είργασται,</em></strong></span> <span class='ocrx_word' id='word_1_162' title='bbox 958 1597 1096 1698; x_wconf 78' lang='grc' dir='ltr'><strong><em>λέγοντες·</em></strong></span> <span class='ocrx_word' id='word_1_163' title='bbox 1116 1599 1223 1700; x_wconf 86' lang='grc' dir='ltr'><strong><em>μάλλον</em></strong></span> <span class='ocrx_word' id='word_1_164' title='bbox 1238 1594 1268 1658; x_wconf 84' lang='grc' dir='ltr'><strong><em>δέ</em></strong></span> <span class='ocrx_word' id='word_1_165' title='bbox 1283 1599 1372 1659; x_wconf 91' lang='grc' dir='ltr'><strong><em>ποίων</em></strong></span> <span class='ocrx_word' id='word_1_166' title='bbox 1388 1597 1443 1701; x_wconf 86' lang='grc' dir='ltr'><strong><em>ούχ</em></strong></span> 
     </span>
     <span class='ocr_line' id='line_1_17' title="bbox 266 1676 1443 1786; baseline -0.003 -40"><span class='ocrx_word' id='word_1_167' title='bbox 266 1682 378 1765; x_wconf 80' lang='grc' dir='ltr'><strong><em>ἡπόλις</em></strong></span> <span class='ocrx_word' id='word_1_168' title='bbox 392 1679 459 1761; x_wconf 79' lang='grc' dir='ltr'><strong><em>παρ’</em></strong></span> <span class='ocrx_word' id='word_1_169' title='bbox 476 1680 574 1758; x_wconf 62' lang='grc' dir='ltr'><strong><em>αύτῷὸ</em></strong></span> <span class='ocrx_word' id='word_1_170' title='bbox 594 1703 716 1786; x_wconf 82' lang='grc' dir='ltr'><strong><em>χαριτφν</em></strong></span> <span class='ocrx_word' id='word_1_171' title='bbox 735 1680 926 1752; x_wconf 65' lang='grc' dir='ltr'><strong><em>ἀπελαοσενςλ</em></strong></span> <span class='ocrx_word' id='word_1_172' title='bbox 944 1681 1005 1742; x_wconf 82' lang='grc' dir='ltr'><strong><em>εἶτα</em></strong></span> <span class='ocrx_word' id='word_1_173' title='bbox 1024 1676 1071 1742; x_wconf 80' lang='grc' dir='ltr'><strong><em>καὶ</em></strong></span> <span class='ocrx_word' id='word_1_174' title='bbox 1092 1681 1166 1743; x_wconf 85' lang='grc' dir='ltr'><strong><em>αὐτὰ</em></strong></span> <span class='ocrx_word' id='word_1_175' title='bbox 1185 1680 1293 1743; x_wconf 75' lang='grc' dir='ltr'><strong><em>ἕκαστα</em></strong></span> <span class='ocrx_word' id='word_1_176' title='bbox 1312 1684 1369 1744; x_wconf 78' lang='grc' dir='ltr'><strong><em>τῶν</em></strong></span> <span class='ocrx_word' id='word_1_177' title='bbox 1389 1679 1443 1744; x_wconf 79' lang='grc' dir='ltr'><strong><em>ὑπ’</em></strong></span> 
     </span>
     <span class='ocr_line' id='line_1_18' title="bbox 266 1759 1441 1846; baseline -0.003 -15"><span class='ocrx_word' id='word_1_178' title='bbox 266 1769 353 1831; x_wconf 80' lang='grc' dir='ltr'><strong><em>αὐτου</em></strong></span> <span class='ocrx_word' id='word_1_179' title='bbox 341 1763 542 1844; x_wconf 84' lang='grc' dir='ltr'><strong><em>παραδόξως</em></strong></span> <span class='ocrx_word' id='word_1_180' title='bbox 558 1766 738 1845; x_wconf 77' lang='grc' dir='ltr'><strong><em>γεγενημένων</em></strong></span> <span class='ocrx_word' id='word_1_181' title='bbox 758 1763 995 1845; x_wconf 80' lang='grc' dir='ltr'><strong><em>ἀπηριθμοῦντο,8</em></strong></span> <span class='ocrx_word' id='word_1_182' title='bbox 1013 1759 1058 1828; x_wconf 83' lang='grc' dir='ltr'><strong><em>καί</em></strong></span> <span class='ocrx_word' id='word_1_183' title='bbox 1077 1762 1222 1846; x_wconf 88' lang='grc' dir='ltr'><strong><em>μάρτυρας</em></strong></span> <span class='ocrx_word' id='word_1_184' title='bbox 1242 1764 1344 1836; x_wconf 83' lang='grc' dir='ltr'><strong><em>αύτούς</em></strong></span> <span class='ocrx_word' id='word_1_185' title='bbox 1364 1767 1441 1827; x_wconf 85' lang='grc' dir='ltr'><strong><em>ἐποι-</em></strong></span> 
     </span>
     <span class='ocr_line' id='line_1_19' title="bbox 266 1849 693 1930; baseline -0.014 -15"><span class='ocrx_word' id='word_1_186' title='bbox 266 1856 347 1915; x_wconf 90' lang='grc' dir='ltr'><strong><em>οῦντο</em></strong></span> <span class='ocrx_word' id='word_1_187' title='bbox 361 1855 416 1913; x_wconf 80' lang='grc' dir='ltr'><strong><em>τῶν</em></strong></span> <span class='ocrx_word' id='word_1_188' title='bbox 431 1849 590 1930; x_wconf 78' lang='grc' dir='ltr'><strong><em>λεγομένων.</em></strong></span> <span class='ocrx_word' id='word_1_189' title='bbox 691 1905 693 1910; x_wconf 90' lang='grc'><strong><em>,</em></strong></span> 
     </span>
    </p>

    <p class='ocr_par' dir='ltr' id='par_1_3' title="bbox 258 1928 1444 3279">
     <span class='ocr_line' id='line_1_20' title="bbox 352 1928 1444 2036; baseline 0.003 -42"><span class='ocrx_word' id='word_1_190' title='bbox 352 1932 491 1994; x_wconf 84' lang='lat' dir='ltr'>CLXVI</span> <span class='ocrx_word' id='word_1_191' title='bbox 509 1936 727 2036; x_wconf 79' lang='grc' dir='ltr'><strong><em>Μαργωντῖνος</em></strong></span> <span class='ocrx_word' id='word_1_192' title='bbox 746 1928 803 1994; x_wconf 84' lang='lat'><strong><em>66</em></strong></span> <span class='ocrx_word' id='word_1_193' title='bbox 790 1957 806 1993; x_wconf 95' lang='grc' dir='ltr'><strong><em>ο</em></strong></span> <span class='ocrx_word' id='word_1_194' title='bbox 825 1934 874 2012; x_wconf 71' lang='grc' dir='ltr'><strong><em>τῆς</em></strong></span> <span class='ocrx_word' id='word_1_195' title='bbox 888 1931 1031 2003; x_wconf 75' lang='grc' dir='ltr'><strong><em>πόλεως’</em></strong></span> <span class='ocrx_word' id='word_1_196' title='bbox 1015 1957 1136 2035; x_wconf 80' lang='grc' dir='ltr'><strong><em>εμαρχος</em></strong></span> <span class='ocrx_word' id='word_1_197' title='bbox 1150 1933 1187 2014; x_wconf 83' lang='grc' dir='ltr'><strong><em>μὴ</em></strong></span> <span class='ocrx_word' id='word_1_198' title='bbox 1201 1934 1293 2015; x_wconf 84' lang='grc' dir='ltr'><strong><em>φέρων</em></strong></span> <span class='ocrx_word' id='word_1_199' title='bbox 1308 1935 1352 1996; x_wconf 91' lang='grc' dir='ltr'><strong><em>ἐπι</em></strong></span> <span class='ocrx_word' id='word_1_200' title='bbox 1344 1929 1444 1997; x_wconf 65' lang='grc' dir='ltr'><strong><em>’πολὺ</em></strong></span> 
     </span>
     <span class='ocr_line' id='line_1_21' title="bbox 266 2013 1444 2122; baseline -0.002 -40"><span class='ocrx_word' id='word_1_201' title='bbox 266 2015 521 2122; x_wconf 78' lang='grc' dir='ltr'><strong><em>στασιάζουσαγ’</em></strong></span> <span class='ocrx_word' id='word_1_202' title='bbox 488 2041 561 2079; x_wconf 88' lang='grc' dir='ltr'><strong><em>ουτω</em></strong></span> <span class='ocrx_word' id='word_1_203' title='bbox 575 2016 624 2098; x_wconf 81' lang='lat'><strong><em>666</em></strong></span> <span class='ocrx_word' id='word_1_204' title='bbox 638 2013 745 2079; x_wconf 73' lang='grc' dir='ltr'><strong><em>πόλιν’</em></strong></span> <span class='ocrx_word' id='word_1_205' title='bbox 732 2021 817 2096; x_wconf 87' lang='grc' dir='ltr'><strong><em>οράν,</em></strong></span> <span class='ocrx_word' id='word_1_206' title='bbox 838 2016 930 2089; x_wconf 78' lang='grc' dir='ltr'><strong><em>άλλως</em></strong></span> <span class='ocrx_word' id='word_1_207' title='bbox 944 2040 975 2079; x_wconf 91' lang='grc' dir='ltr'><strong><em>τε</em></strong></span> <span class='ocrx_word' id='word_1_208' title='bbox 989 2013 1035 2081; x_wconf 77' lang='grc' dir='ltr'><strong><em>καί</em></strong></span> <span class='ocrx_word' id='word_1_209' title='bbox 1050 2022 1083 2096; x_wconf 75' lang='grc' dir='ltr'><strong><em>τῇ</em></strong></span> <span class='ocrx_word' id='word_1_210' title='bbox 1103 2022 1152 2118; x_wconf 72' lang='grc' dir='ltr'><strong><em>της</em></strong></span> <span class='ocrx_word' id='word_1_211' title='bbox 1165 2018 1305 2121; x_wconf 81' lang='grc' dir='ltr'><strong><em>εύσεβιίμς</em></strong></span> <span class='ocrx_word' id='word_1_212' title='bbox 1319 2016 1444 2080; x_wconf 77' lang='grc' dir='ltr'><strong><em>ἐπιδόσει</em></strong></span> 
     </span>
     <span class='ocr_line' id='line_1_22' title="bbox 265 2098 1443 2209; baseline -0.001 -44"><span class='ocrx_word' id='word_1_213' title='bbox 265 2099 468 2209; x_wconf 79' lang='grc' dir='ltr'><strong><em>βασκαίνων,’</em></strong></span> <span class='ocrx_word' id='word_1_214' title='bbox 449 2127 508 2182; x_wconf 90' lang='grc' dir='ltr'><strong><em>αγει</em></strong></span> <span class='ocrx_word' id='word_1_215' title='bbox 520 2099 568 2164; x_wconf 83' lang='grc' dir='ltr'><strong><em>τὸν</em></strong></span> <span class='ocrx_word' id='word_1_216' title='bbox 579 2099 717 2180; x_wconf 91' lang='grc' dir='ltr'><strong><em>μακάριον</em></strong></span> <span class='ocrx_word' id='word_1_217' title='bbox 728 2099 877 2181; x_wconf 79' lang='grc' dir='ltr'><strong><em>Κλήμεντά</em></strong></span> <span class='ocrx_word' id='word_1_218' title='bbox 889 2101 960 2180; x_wconf 83' lang='grc' dir='ltr'><strong><em>πρὸς</em></strong></span> <span class='ocrx_word' id='word_1_219' title='bbox 974 2102 1073 2164; x_wconf 84' lang='grc' dir='ltr'><strong><em>ἑαυτὸν</em></strong></span> <span class='ocrx_word' id='word_1_220' title='bbox 1083 2127 1129 2164; x_wconf 91' lang='grc' dir='ltr'><strong><em>και</em></strong></span> <span class='ocrx_word' id='word_1_221' title='bbox 1121 2098 1274 2206; x_wconf 86' lang='grc' dir='ltr'><strong><em>λόγοις</em></strong></span> <span class='ocrx_word' id='word_1_222' title='bbox 1248 2127 1297 2183; x_wconf 90' lang='grc' dir='ltr'><strong><em>την</em></strong></span> <span class='ocrx_word' id='word_1_223' title='bbox 1309 2105 1443 2183; x_wconf 86' lang='grc' dir='ltr'><strong><em>γενναίαν</em></strong></span> 
     </span>
     <span class='ocr_line' id='line_1_23' title="bbox 264 2184 1442 2291; baseline -0.002 -41"><span class='ocrx_word' id='word_1_224' title='bbox 264 2186 338 2250; x_wconf 80' lang='grc' dir='ltr'><strong><em>οὕτω</em></strong></span> <span class='ocrx_word' id='word_1_225' title='bbox 342 2185 445 2288; x_wconf 79' lang='grc' dir='ltr'><strong><em>ψυχίχν</em></strong></span> <span class='ocrx_word' id='word_1_226' title='bbox 460 2186 609 2247; x_wconf 83' lang='grc' dir='ltr'><strong><em>κλίπτειν’</em></strong></span> <span class='ocrx_word' id='word_1_227' title='bbox 594 2185 721 2264; x_wconf 86' lang='grc' dir='ltr'><strong><em>επεχείρει</em></strong></span> <span class='ocrx_word' id='word_1_228' title='bbox 737 2186 808 2258; x_wconf 86' lang='grc' dir='ltr'><strong><em>ἐξ’</em></strong></span> <span class='ocrx_word' id='word_1_229' title='bbox 782 2189 916 2288; x_wconf 57' lang='lat'>006060643</span> <span class='ocrx_word' id='word_1_230' title='bbox 928 2186 1022 2266; x_wconf 76' lang='grc' dir='ltr'><strong><em>λόγων,</em></strong></span> <span class='ocrx_word' id='word_1_231' title='bbox 1038 2184 1194 2266; x_wconf 80' lang='grc' dir='ltr'><strong><em>προελήλυθ</em></strong></span> <span class='ocrx_word' id='word_1_232' title='bbox 1195 2212 1234 2256; x_wconf 89' lang='grc' dir='ltr'><strong><em>ας</em></strong></span> <span class='ocrx_word' id='word_1_233' title='bbox 1248 2188 1337 2291; x_wconf 85' lang='grc' dir='ltr'><strong><em>ῥίζης·</em></strong></span> <span class='ocrx_word' id='word_1_234' title='bbox 1353 2191 1442 2248; x_wconf 90' lang='grc' dir='ltr'><strong><em>τοῦτο</em></strong></span> 
     </span>
     <span class='ocr_line' id='line_1_24' title="bbox 264 2265 1441 2376; baseline -0.002 -42"><span class='ocrx_word' id='word_1_235' title='bbox 264 2275 323 2342; x_wconf 86' lang='grc' dir='ltr'><strong><em>πάς</em></strong></span> <span class='ocrx_word' id='word_1_236' title='bbox 334 2267 350 2332; x_wconf 91' lang='grc' dir='ltr'>ὁ</span> <span class='ocrx_word' id='word_1_237' title='bbox 363 2274 419 2332; x_wconf 79' lang='grc' dir='ltr'><strong><em>τιον</em></strong></span> <span class='ocrx_word' id='word_1_238' title='bbox 426 2266 570 2370; x_wconf 85' lang='grc' dir='ltr'><strong><em>Ρωμαίων</em></strong></span> <span class='ocrx_word' id='word_1_239' title='bbox 582 2293 625 2330; x_wconf 88' lang='grc' dir='ltr'><strong><em>σιιι</em></strong></span> <span class='ocrx_word' id='word_1_240' title='bbox 638 2293 770 2349; x_wconf 80' lang='grc' dir='ltr'><strong><em>μαρτύρει</em></strong></span> <span class='ocrx_word' id='word_1_241' title='bbox 762 2272 880 2369; x_wconf 76' lang='grc' dir='ltr'><strong><em>δῆμος</em></strong></span> <span class='ocrx_word' id='word_1_242' title='bbox 897 2269 958 2332; x_wconf 80' lang='grc' dir='ltr'><strong><em>ἀλλ’</em></strong></span> <span class='ocrx_word' id='word_1_243' title='bbox 975 2270 1158 2376; x_wconf 79' lang='grc' dir='ltr'><strong><em>ἀνθρωπίνην</em></strong></span> <span class='ocrx_word' id='word_1_244' title='bbox 1170 2265 1217 2332; x_wconf 81' lang='grc' dir='ltr'><strong><em>καὶ</em></strong></span> <span class='ocrx_word' id='word_1_245' title='bbox 1230 2269 1317 2341; x_wconf 85' lang='grc' dir='ltr'><strong><em>αὐτὸς</em></strong></span> <span class='ocrx_word' id='word_1_246' title='bbox 1324 2270 1441 2372; x_wconf 81' lang='grc' dir='ltr'><strong><em>μλάνην</em></strong></span> 
     </span>
     <span class='ocr_line' id='line_1_25' title="bbox 264 2348 1442 2436; baseline -0.002 -18"><span class='ocrx_word' id='word_1_247' title='bbox 264 2353 399 2434; x_wconf 85' lang='grc' dir='ltr'><strong><em>ύπέστης,</em></strong></span> <span class='ocrx_word' id='word_1_248' title='bbox 419 2379 465 2416; x_wconf 93' lang='grc' dir='ltr'><strong><em>και</em></strong></span> <span class='ocrx_word' id='word_1_249' title='bbox 457 2348 527 2415; x_wconf 68' lang='grc' dir='ltr'><strong><em>’διὰ</em></strong></span> <span class='ocrx_word' id='word_1_250' title='bbox 542 2357 625 2415; x_wconf 88' lang='grc' dir='ltr'><strong><em>τοῦτο</em></strong></span> <span class='ocrx_word' id='word_1_251' title='bbox 639 2351 701 2416; x_wconf 82' lang='grc' dir='ltr'><strong><em>οῦδὲ</em></strong></span> <span class='ocrx_word' id='word_1_252' title='bbox 716 2357 827 2416; x_wconf 80' lang='grc' dir='ltr'><strong><em>σιωπᾶν</em></strong></span> <span class='ocrx_word' id='word_1_253' title='bbox 847 2351 863 2433; x_wconf 90' lang='lat'><strong><em>6</em></strong></span> <span class='ocrx_word' id='word_1_254' title='bbox 882 2351 993 2424; x_wconf 84' lang='grc' dir='ltr'><strong><em>πόλις</em></strong></span> <span class='ocrx_word' id='word_1_255' title='bbox 976 2356 1111 2434; x_wconf 82' lang='grc' dir='ltr'><strong><em>ανέχεται.</em></strong></span> <span class='ocrx_word' id='word_1_256' title='bbox 1133 2349 1204 2435; x_wconf 77' lang='grc' dir='ltr'><strong><em>φασὶ</em></strong></span> <span class='ocrx_word' id='word_1_257' title='bbox 1218 2353 1286 2436; x_wconf 85' lang='grc' dir='ltr'><strong><em>γάρ,</em></strong></span> <span class='ocrx_word' id='word_1_258' title='bbox 1301 2353 1333 2416; x_wconf 83' lang='grc' dir='ltr'><strong><em>σέ</em></strong></span> <span class='ocrx_word' id='word_1_259' title='bbox 1347 2380 1442 2418; x_wconf 89' lang='grc' dir='ltr'><strong><em>καινο-</em></strong></span> 
     </span>
     <span class='ocr_line' id='line_1_26' title="bbox 264 2436 1441 2544; baseline -0.002 -42"><span class='ocrx_word' id='word_1_260' title='bbox 264 2465 347 2519; x_wconf 87' lang='grc' dir='ltr'><strong><em>τερον</em></strong></span> <span class='ocrx_word' id='word_1_261' title='bbox 362 2437 479 2542; x_wconf 77' lang='grc' dir='ltr'><strong><em>εἰσάγειν</em></strong></span> <span class='ocrx_word' id='word_1_262' title='bbox 494 2437 660 2544; x_wconf 72' lang='grc' dir='ltr'><strong><em>θρησκείαν,</em></strong></span> <span class='ocrx_word' id='word_1_263' title='bbox 683 2437 734 2499; x_wconf 90' lang='grc' dir='ltr'><strong><em>καί</em></strong></span> <span class='ocrx_word' id='word_1_264' title='bbox 749 2461 810 2542; x_wconf 81' lang='grc' dir='ltr'><strong><em>τινμ</em></strong></span> <span class='ocrx_word' id='word_1_265' title='bbox 829 2436 909 2516; x_wconf 83' lang='grc' dir='ltr'><strong><em>παρὰ</em></strong></span> <span class='ocrx_word' id='word_1_266' title='bbox 923 2438 988 2509; x_wconf 82' lang='grc' dir='ltr'><strong><em>τούς</em></strong></span> <span class='ocrx_word' id='word_1_267' title='bbox 1006 2437 1154 2516; x_wconf 77' lang='grc' dir='ltr'><strong><em>πατρῴους</em></strong></span> <span class='ocrx_word' id='word_1_268' title='bbox 1172 2439 1260 2509; x_wconf 81' lang='grc' dir='ltr'><strong><em>θεοὺς</em></strong></span> <span class='ocrx_word' id='word_1_269' title='bbox 1279 2437 1441 2542; x_wconf 82' lang='grc' dir='ltr'><strong><em>κηρύσσειν1</em></strong></span> 
     </span>
     <span class='ocr_line' id='line_1_27' title="bbox 265 2519 1441 2626; baseline -0.003 -38"><span class='ocrx_word' id='word_1_270' title='bbox 265 2522 400 2604; x_wconf 87' lang='grc' dir='ltr'><strong><em>Χριστόν.</em></strong></span> <span class='ocrx_word' id='word_1_271' title='bbox 421 2519 493 2583; x_wconf 86' lang='grc' dir='ltr'><strong><em>όθεν</em></strong></span> <span class='ocrx_word' id='word_1_272' title='bbox 514 2522 686 2584; x_wconf 73' lang='grc' dir='ltr'><strong><em>ἀποθέσθαι</em></strong></span> <span class='ocrx_word' id='word_1_273' title='bbox 700 2545 732 2584; x_wconf 90' lang='grc' dir='ltr'><strong><em>σε</em></strong></span> <span class='ocrx_word' id='word_1_274' title='bbox 749 2521 800 2603; x_wconf 79' lang='grc' dir='ltr'><strong><em>χρὴ</em></strong></span> <span class='ocrx_word' id='word_1_275' title='bbox 823 2521 872 2602; x_wconf 78' lang='grc' dir='ltr'><strong><em>τὴν</em></strong></span> <span class='ocrx_word' id='word_1_276' title='bbox 890 2520 1018 2625; x_wconf 79' lang='grc' dir='ltr'><strong><em>περιττίχν</em></strong></span> <span class='ocrx_word' id='word_1_277' title='bbox 1033 2521 1136 2626; x_wconf 80' lang='grc' dir='ltr'><strong><em>ταύτηη</em></strong></span> <span class='ocrx_word' id='word_1_278' title='bbox 1151 2523 1373 2624; x_wconf 75' lang='grc' dir='ltr'><strong><em>δεισιδαιμονάιν,</em></strong></span> <span class='ocrx_word' id='word_1_279' title='bbox 1390 2520 1441 2585; x_wconf 76' lang='grc' dir='ltr'><strong><em>καί</em></strong></span> 
     </span>
     <span class='ocr_line' id='line_1_28' title="bbox 264 2553 1441 2689; baseline -0.002 -19"><span class='ocrx_word' id='word_1_280' title='bbox 264 2609 367 2689; x_wconf 87' lang='grc' dir='ltr'><strong><em>μόνους</em></strong></span> <span class='ocrx_word' id='word_1_281' title='bbox 384 2608 530 2668; x_wconf 76' lang='grc' dir='ltr'><strong><em>αἰδεῖσθαι</em></strong></span> <span class='ocrx_word' id='word_1_282' title='bbox 544 2602 591 2668; x_wconf 82' lang='lat'><strong><em>606</em></strong></span> <span class='ocrx_word' id='word_1_283' title='bbox 606 2609 688 2685; x_wconf 85' lang='grc' dir='ltr'><strong><em>τιμάν</em></strong></span> <span class='ocrx_word' id='word_1_284' title='bbox 700 2605 764 2676; x_wconf 82' lang='lat'>6064</span> <span class='ocrx_word' id='word_1_285' title='bbox 778 2553 908 2685; x_wconf 65' lang='grc' dir='ltr'><strong><em>συνῄδεις</em></strong></span> <span class='ocrx_word' id='word_1_286' title='bbox 921 2631 955 2684; x_wconf 88' lang='grc' dir='ltr'><strong><em>τη</em></strong></span> <span class='ocrx_word' id='word_1_287' title='bbox 944 2604 1048 2668; x_wconf 84' lang='grc' dir='ltr'><strong><em>πόλει</em></strong></span> <span class='ocrx_word' id='word_1_288' title='bbox 1061 2605 1158 2678; x_wconf 86' lang='grc' dir='ltr'><strong><em>θεούς.</em></strong></span> <span class='ocrx_word' id='word_1_289' title='bbox 1174 2603 1248 2668; x_wconf 72' lang='grc' dir='ltr'><strong><em>καλό</em></strong></span> <span class='ocrx_word' id='word_1_290' title='bbox 1262 2606 1441 2687; x_wconf 83' lang='grc' dir='ltr'><strong><em>πατριάρχης</em></strong></span> 
     </span>
     <span class='ocr_line' id='line_1_29' title="bbox 263 2687 1440 2797; baseline -0.003 -42"><span class='ocrx_word' id='word_1_291' title='bbox 263 2692 376 2796; x_wconf 78' lang='grc' dir='ltr'><strong><em>εὔχομαι</em></strong></span> <span class='ocrx_word' id='word_1_292' title='bbox 401 2690 449 2770; x_wconf 79' lang='lat'><strong><em>066</em></strong></span> <span class='ocrx_word' id='word_1_293' title='bbox 463 2689 513 2770; x_wconf 85' lang='lat'><strong><em>066</em></strong></span> <span class='ocrx_word' id='word_1_294' title='bbox 528 2689 716 2793; x_wconf 77' lang='grc' dir='ltr'><strong><em>στερρότητα,</em></strong></span> <span class='ocrx_word' id='word_1_295' title='bbox 733 2689 797 2769; x_wconf 87' lang='grc' dir='ltr'><strong><em>ἔφη,</em></strong></span> <span class='ocrx_word' id='word_1_296' title='bbox 821 2691 994 2792; x_wconf 78' lang='grc' dir='ltr'><strong><em>μεταδοῦναί</em></strong></span> <span class='ocrx_word' id='word_1_297' title='bbox 1002 2715 1051 2792; x_wconf 89' lang='grc' dir='ltr'><strong><em>μιιι</em></strong></span> <span class='ocrx_word' id='word_1_298' title='bbox 1061 2687 1094 2752; x_wconf 88' lang='grc' dir='ltr'><strong><em>λι</em></strong></span> <span class='ocrx_word' id='word_1_299' title='bbox 1087 2715 1158 2770; x_wconf 89' lang='grc' dir='ltr'><strong><em>γοο</em></strong></span> <span class='ocrx_word' id='word_1_300' title='bbox 1173 2687 1220 2752; x_wconf 79' lang='grc' dir='ltr'><strong><em>καί</em></strong></span> <span class='ocrx_word' id='word_1_301' title='bbox 1239 2700 1369 2770; x_wconf 84' lang='grc' dir='ltr'><strong><em>προσχεῖν</em></strong></span> <span class='ocrx_word' id='word_1_302' title='bbox 1383 2717 1440 2797; x_wconf 75' lang='grc' dir='ltr'><strong><em>μου</em></strong></span> 
     </span>
     <span class='ocr_line' id='line_1_30' title="bbox 264 2769 1439 2877; baseline -0.003 -37"><span class='ocrx_word' id='word_1_303' title='bbox 264 2786 326 2846; x_wconf 86' lang='grc' dir='ltr'><strong><em>ταῖς</em></strong></span> <span class='ocrx_word' id='word_1_304' title='bbox 342 2775 528 2877; x_wconf 86' lang='grc' dir='ltr'><strong><em>ἀποκρίσεσιν,</em></strong></span> <span class='ocrx_word' id='word_1_305' title='bbox 545 2773 662 2835; x_wconf 78' lang='grc' dir='ltr'><strong><em>ἀλλά“</em></strong></span> <span class='ocrx_word' id='word_1_306' title='bbox 632 2800 668 2854; x_wconf 94' lang='grc' dir='ltr'><strong><em>μη</em></strong></span> <span class='ocrx_word' id='word_1_307' title='bbox 683 2769 772 2842; x_wconf 78' lang='grc' dir='ltr'><strong><em>οὕτως</em></strong></span> <span class='ocrx_word' id='word_1_308' title='bbox 787 2771 880 2875; x_wconf 85' lang='grc' dir='ltr'><strong><em>ἀλόγῳ</em></strong></span> <span class='ocrx_word' id='word_1_309' title='bbox 895 2772 991 2836; x_wconf 90' lang='grc' dir='ltr'><strong><em>στάσει</em></strong></span> <span class='ocrx_word' id='word_1_310' title='bbox 1005 2769 1051 2835; x_wconf 79' lang='grc' dir='ltr'><strong><em>καί</em></strong></span> <span class='ocrx_word' id='word_1_311' title='bbox 1066 2775 1197 2854; x_wconf 87' lang='grc' dir='ltr'><strong><em>ματαίοις</em></strong></span> <span class='ocrx_word' id='word_1_312' title='bbox 1212 2771 1336 2836; x_wconf 87' lang='grc' dir='ltr'><strong><em>επεσθαι</em></strong></span> <span class='ocrx_word' id='word_1_313' title='bbox 1350 2775 1439 2856; x_wconf 86' lang='grc' dir='ltr'><strong><em>θορό-</em></strong></span> 
     </span>
     <span class='ocr_line' id='line_1_31' title="bbox 263 2854 1439 2960; baseline 0.001 -39"><span class='ocrx_word' id='word_1_314' title='bbox 263 2869 331 2942; x_wconf 77' lang='grc' dir='ltr'><strong><em>βοις.</em></strong></span> <span class='ocrx_word' id='word_1_315' title='bbox 347 2854 409 2920; x_wconf 78' lang='grc' dir='ltr'><strong><em>οὐδὲ</em></strong></span> <span class='ocrx_word' id='word_1_316' title='bbox 424 2857 478 2938; x_wconf 86' lang='grc' dir='ltr'><strong><em>γάρ</em></strong></span> <span class='ocrx_word' id='word_1_317' title='bbox 493 2864 534 2919; x_wconf 86' lang='grc' dir='ltr'><strong><em>δει</em></strong></span> <span class='ocrx_word' id='word_1_318' title='bbox 547 2855 688 2929; x_wconf 89' lang='grc' dir='ltr'><strong><em>στάσεως,</em></strong></span> <span class='ocrx_word' id='word_1_319' title='bbox 705 2854 768 2918; x_wconf 79' lang='grc' dir='ltr'><strong><em>ούδέ</em></strong></span> <span class='ocrx_word' id='word_1_320' title='bbox 782 2855 964 2937; x_wconf 70' lang='grc' dir='ltr'><strong><em>θορύβων,“</em></strong></span> <span class='ocrx_word' id='word_1_321' title='bbox 947 2882 1019 2919; x_wconf 92' lang='grc' dir='ltr'><strong><em>οποο</em></strong></span> <span class='ocrx_word' id='word_1_322' title='bbox 1033 2859 1181 2960; x_wconf 81' lang='grc' dir='ltr'><strong><em>σμοπησαί</em></strong></span> <span class='ocrx_word' id='word_1_323' title='bbox 1189 2883 1219 2921; x_wconf 91' lang='grc' dir='ltr'><strong><em>τε</em></strong></span> <span class='ocrx_word' id='word_1_324' title='bbox 1234 2854 1295 2938; x_wconf 79' lang='grc' dir='ltr'><strong><em>περὶ</em></strong></span> <span class='ocrx_word' id='word_1_325' title='bbox 1310 2863 1359 2940; x_wconf 81' lang='grc' dir='ltr'><strong><em>τῆς</em></strong></span> <span class='ocrx_word' id='word_1_326' title='bbox 1373 2861 1439 2922; x_wconf 84' lang='grc' dir='ltr'><strong><em>ἑαυ-</em></strong></span> 
     </span>
     <span class='ocr_line' id='line_1_32' title="bbox 263 2935 1438 3043; baseline 0.001 -37"><span class='ocrx_word' id='word_1_327' title='bbox 263 2945 332 3006; x_wconf 69' lang='lat'>606²</span> <span class='ocrx_word' id='word_1_328' title='bbox 344 2943 491 3043; x_wconf 88' lang='grc' dir='ltr'><strong><em>σωτηρίας</em></strong></span> <span class='ocrx_word' id='word_1_329' title='bbox 505 2936 555 3000; x_wconf 76' lang='grc' dir='ltr'><strong><em>τινί</em></strong></span> <span class='ocrx_word' id='word_1_330' title='bbox 571 2935 617 3001; x_wconf 78' lang='grc' dir='ltr'><strong><em>καί</em></strong></span> <span class='ocrx_word' id='word_1_331' title='bbox 632 2935 694 3018; x_wconf 80' lang='grc' dir='ltr'><strong><em>περὶ</em></strong></span> <span class='ocrx_word' id='word_1_332' title='bbox 709 2943 781 3002; x_wconf 87' lang='grc' dir='ltr'><strong><em>θεοῦ</em></strong></span> <span class='ocrx_word' id='word_1_333' title='bbox 800 2944 983 3042; x_wconf 76' lang='grc' dir='ltr'><strong><em>διαλεχθῆναι</em></strong></span> <span class='ocrx_word' id='word_1_334' title='bbox 1003 2940 1153 3021; x_wconf 88' lang='grc' dir='ltr'><strong><em>πρόκειται.</em></strong></span> <span class='ocrx_word' id='word_1_335' title='bbox 1168 2939 1184 3004; x_wconf 90' lang='lat'><strong><em>6</em></strong></span> <span class='ocrx_word' id='word_1_336' title='bbox 1206 2943 1329 3023; x_wconf 78' lang='grc' dir='ltr'><strong><em>ἔπαρχος</em></strong></span> <span class='ocrx_word' id='word_1_337' title='bbox 1343 2945 1438 3008; x_wconf 84' lang='grc' dir='ltr'><strong><em>τοίνυν</em></strong></span> 
     </span>
     <span class='ocr_line' id='line_1_33' title="bbox 259 3019 1437 3130; baseline 0 -41"><span class='ocrx_word' id='word_1_338' title='bbox 259 3027 355 3090; x_wconf 86' lang='grc' dir='ltr'><strong><em>τὸτοῦ</em></strong></span> <span class='ocrx_word' id='word_1_339' title='bbox 344 3023 472 3124; x_wconf 86' lang='grc' dir='ltr'><strong><em>ἀνδρὸς</em></strong></span> <span class='ocrx_word' id='word_1_340' title='bbox 476 3033 621 3126; x_wconf 85' lang='grc' dir='ltr'><strong><em>γενναῖον</em></strong></span> <span class='ocrx_word' id='word_1_341' title='bbox 616 3019 662 3084; x_wconf 76' lang='grc' dir='ltr'><strong><em>καί</em></strong></span> <span class='ocrx_word' id='word_1_342' title='bbox 678 3021 812 3102; x_wconf 91' lang='grc' dir='ltr'><strong><em>στάσιμον</em></strong></span> <span class='ocrx_word' id='word_1_343' title='bbox 828 3023 905 3096; x_wconf 84' lang='grc' dir='ltr'><strong><em>ἐξ’</em></strong></span> <span class='ocrx_word' id='word_1_344' title='bbox 873 3049 965 3086; x_wconf 91' lang='grc' dir='ltr'><strong><em>αυτων</em></strong></span> <span class='ocrx_word' id='word_1_345' title='bbox 980 3025 1066 3130; x_wconf 72' lang='lat'>06664·</span> <span class='ocrx_word' id='word_1_346' title='bbox 1077 3029 1132 3089; x_wconf 80' lang='grc' dir='ltr'><strong><em>τῶν</em></strong></span> <span class='ocrx_word' id='word_1_347' title='bbox 1144 3028 1293 3108; x_wconf 86' lang='grc' dir='ltr'><strong><em>προοιμίων</em></strong></span> <span class='ocrx_word' id='word_1_348' title='bbox 1307 3051 1437 3130; x_wconf 69' lang='grc' dir='ltr'><strong><em>καταμα-</em></strong></span> 
     </span>
     <span class='ocr_line' id='line_1_34' title="bbox 262 3103 1436 3210; baseline 0.002 -38"><span class='ocrx_word' id='word_1_349' title='bbox 262 3109 336 3183; x_wconf 81' lang='grc' dir='ltr'><strong><em>θὼν,</em></strong></span> <span class='ocrx_word' id='word_1_350' title='bbox 351 3103 398 3170; x_wconf 84' lang='lat'><strong><em>606</em></strong></span> <span class='ocrx_word' id='word_1_351' title='bbox 413 3109 499 3168; x_wconf 88' lang='grc' dir='ltr'><strong><em>ειπειν</em></strong></span> <span class='ocrx_word' id='word_1_352' title='bbox 513 3131 544 3168; x_wconf 90' lang='grc' dir='ltr'><strong><em>τε</em></strong></span> <span class='ocrx_word' id='word_1_353' title='bbox 559 3106 644 3177; x_wconf 81' lang='grc' dir='ltr'><strong><em>αὐτὸς</em></strong></span> <span class='ocrx_word' id='word_1_354' title='bbox 658 3103 706 3168; x_wconf 81' lang='grc' dir='ltr'><strong><em>καὶ</em></strong></span> <span class='ocrx_word' id='word_1_355' title='bbox 721 3105 840 3168; x_wconf 90' lang='grc' dir='ltr'><strong><em>ἀκοῦσαι</em></strong></span> <span class='ocrx_word' id='word_1_356' title='bbox 848 3108 924 3210; x_wconf 83' lang='grc' dir='ltr'><strong><em>παρ’</em></strong></span> <span class='ocrx_word' id='word_1_357' title='bbox 943 3110 1044 3172; x_wconf 85' lang='grc' dir='ltr'><strong><em>ἐκείνου</em></strong></span> <span class='ocrx_word' id='word_1_358' title='bbox 1059 3109 1168 3173; x_wconf 80' lang='grc' dir='ltr'><strong><em>πάλιν</em></strong></span> <span class='ocrx_word' id='word_1_359' title='bbox 1156 3109 1285 3191; x_wconf 80' lang='grc' dir='ltr'><strong><em>οκνήσας,</em></strong></span> <span class='ocrx_word' id='word_1_360' title='bbox 1303 3107 1351 3173; x_wconf 76' lang='grc' dir='ltr'><strong><em>καί</em></strong></span> <span class='ocrx_word' id='word_1_361' title='bbox 1365 3112 1436 3174; x_wconf 88' lang='grc' dir='ltr'><strong><em>ἀνα-</em></strong></span> 
     </span>
     <span class='ocr_line' id='line_1_35' title="bbox 258 3187 1436 3297; baseline 0.001 -40"><span class='ocrx_word' id='word_1_362' title='bbox 258 3191 426 3296; x_wconf 48' lang='grc' dir='ltr'><strong><em>γῖλαλλόμενος</em></strong></span> <span class='ocrx_word' id='word_1_363' title='bbox 444 3191 493 3294; x_wconf 81' lang='lat'><strong><em>666</em></strong></span> <span class='ocrx_word' id='word_1_364' title='bbox 508 3190 626 3264; x_wconf 84' lang='grc' dir='ltr'><strong><em>διάλεξιν</em></strong></span> <span class='ocrx_word' id='word_1_365' title='bbox 645 3194 803 3294; x_wconf 76' lang='grc' dir='ltr'><strong><em>Τραϊμνφῦ</em></strong></span> <span class='ocrx_word' id='word_1_366' title='bbox 793 3187 855 3295; x_wconf 75' lang='grc' dir='ltr'><strong><em>περὶ</em></strong></span> <span class='ocrx_word' id='word_1_367' title='bbox 871 3191 1013 3270; x_wconf 71' lang='grc' dir='ltr'><strong><em>αὐτοῦτοῦ</em></strong></span> <span class='ocrx_word' id='word_1_368' title='bbox 1030 3193 1213 3297; x_wconf 79' lang='grc' dir='ltr'><strong><em>αὐτοκράτορι</em></strong></span> <span class='ocrx_word' id='word_1_369' title='bbox 1227 3195 1369 3276; x_wconf 80' lang='grc' dir='ltr'><strong><em>ἀναφέρει.</em></strong></span> <span class='ocrx_word' id='word_1_370' title='bbox 1385 3193 1436 3258; x_wconf 84' lang='grc' dir='ltr'><strong><em>καὶ</em></strong></span> 
     </span>
    </p>

    <p class='ocr_par' dir='ltr' id='par_1_4' title="bbox 256 3273 1435 3527">
     <span class='ocr_line' id='line_1_36' title="bbox 256 3273 1435 3385; baseline 0.001 -44.035"><span class='ocrx_word' id='word_1_371' title='bbox 256 3275 436 3385; x_wconf 65' lang='grc' dir='ltr'><strong><em>ὁγλασιλεῦς</em></strong></span> <span class='ocrx_word' id='word_1_372' title='bbox 444 3275 521 3352; x_wconf 81' lang='grc' dir='ltr'><strong><em>αάτφ</em></strong></span> <span class='ocrx_word' id='word_1_373' title='bbox 541 3273 629 3346; x_wconf 89' lang='grc' dir='ltr'><strong><em>ούτως</em></strong></span> <span class='ocrx_word' id='word_1_374' title='bbox 651 3273 750 3337; x_wconf 86' lang='grc' dir='ltr'><strong><em>ἐπιλύει</em></strong></span> <span class='ocrx_word' id='word_1_375' title='bbox 768 3274 805 3338; x_wconf 90' lang='grc' dir='ltr'><strong><em>τά</em></strong></span> <span class='ocrx_word' id='word_1_376' title='bbox 820 3277 1007 3380; x_wconf 78' lang='grc' dir='ltr'><strong><em>γεγραμμένα,</em></strong></span> <span class='ocrx_word' id='word_1_377' title='bbox 1025 3274 1064 3348; x_wconf 81' lang='grc' dir='ltr'><strong><em>ἀς</em></strong></span> <span class='ocrx_word' id='word_1_378' title='bbox 1078 3275 1094 3358; x_wconf 90' lang='lat'><strong><em>6</em></strong></span> <span class='ocrx_word' id='word_1_379' title='bbox 1109 3283 1200 3340; x_wconf 87' lang='grc' dir='ltr'><strong><em>θῦσαι</em></strong></span> <span class='ocrx_word' id='word_1_380' title='bbox 1214 3279 1262 3341; x_wconf 88' lang='grc' dir='ltr'><strong><em>τὸν</em></strong></span> <span class='ocrx_word' id='word_1_381' title='bbox 1278 3279 1435 3378; x_wconf 79' lang='grc' dir='ltr'><strong><em>Κλήμεντά</em></strong></span> 
     </span>
     <span class='ocr_line' id='line_1_37' title="bbox 260 3355 1433 3444; baseline -0.002 -17"><span class='ocrx_word' id='word_1_382' title='bbox 260 3373 319 3434; x_wconf 88' lang='grc' dir='ltr'><strong><em>τοῖς</em></strong></span> <span class='ocrx_word' id='word_1_383' title='bbox 337 3359 478 3439; x_wconf 77' lang='grc' dir='ltr'><strong><em>πατρῴοις</em></strong></span> <span class='ocrx_word' id='word_1_384' title='bbox 500 3355 633 3438; x_wconf 75' lang='grc' dir='ltr'><strong><em>θεοίς,ἢ</em></strong></span> <span class='ocrx_word' id='word_1_385' title='bbox 616 3360 744 3440; x_wconf 84' lang='grc' dir='ltr'><strong><em>ιπέραν</em></strong></span> <span class='ocrx_word' id='word_1_386' title='bbox 758 3363 808 3421; x_wconf 89' lang='grc' dir='ltr'><strong><em>τοῦ</em></strong></span> <span class='ocrx_word' id='word_1_387' title='bbox 828 3359 988 3422; x_wconf 88' lang='grc' dir='ltr'><strong><em>Πόντου</em></strong></span> <span class='ocrx_word' id='word_1_388' title='bbox 961 3385 1000 3430; x_wconf 89' lang='grc' dir='ltr'><strong><em>εις</em></strong></span> <span class='ocrx_word' id='word_1_389' title='bbox 1019 3361 1116 3440; x_wconf 85' lang='grc' dir='ltr'><strong><em>ἔρημόν</em></strong></span> <span class='ocrx_word' id='word_1_390' title='bbox 1137 3388 1201 3424; x_wconf 89' lang='grc' dir='ltr'><strong><em>τινα</em></strong></span> <span class='ocrx_word' id='word_1_391' title='bbox 1222 3361 1302 3424; x_wconf 83' lang='grc' dir='ltr'><strong><em>πόλιν</em></strong></span> <span class='ocrx_word' id='word_1_392' title='bbox 1318 3367 1374 3425; x_wconf 79' lang='lat'>0036</span> <span class='ocrx_word' id='word_1_393' title='bbox 1397 3389 1433 3444; x_wconf 91' lang='grc' dir='ltr'><strong><em>τη</em></strong></span> 
     </span>
     <span class='ocr_line' id='line_1_38' title="bbox 260 3439 1214 3563; baseline -0.002 -53"><span class='ocrx_word' id='word_1_394' title='bbox 260 3449 390 3527; x_wconf 82' lang='grc' dir='ltr'><strong><em>Χερσώνι</em></strong></span> <span class='ocrx_word' id='word_1_395' title='bbox 404 3446 612 3524; x_wconf 71' lang='grc' dir='ltr'><strong><em>παρακειμένων</em></strong></span> <span class='ocrx_word' id='word_1_396' title='bbox 628 3443 686 3505; x_wconf 88' lang='grc' dir='ltr'><strong><em>ἀπὸ</em></strong></span> <span class='ocrx_word' id='word_1_397' title='bbox 702 3447 751 3523; x_wconf 76' lang='grc' dir='ltr'><strong><em>τῆς</em></strong></span> <span class='ocrx_word' id='word_1_398' title='bbox 763 3439 869 3522; x_wconf 88' lang='grc' dir='ltr'><strong><em>Ριόμης</em></strong></span> <span class='ocrx_word' id='word_1_399' title='bbox 884 3443 964 3563; x_wconf 83' lang='grc' dir='ltr'><strong><em>ἀιδίῳ</em></strong></span> <span class='ocrx_word' id='word_1_400' title='bbox 978 3467 1050 3524; x_wconf 88' lang='grc' dir='ltr'><strong><em>φογη</em></strong></span> <span class='ocrx_word' id='word_1_401' title='bbox 1040 3447 1214 3526; x_wconf 81' lang='grc' dir='ltr'><strong><em>ελαθηναι.</em></strong></span> 
     </span>
    </p>
   </div>
   <div class='ocr_carea' id='block_1_3' title="bbox 185 3541 1476 4381">
    <p class='ocr_par' dir='ltr' id='par_1_5' title="bbox 185 3541 1476 4381">
     <span class='ocr_line' id='line_1_39' title="bbox 343 3541 1433 3652; baseline 0.006 -49"><span class='ocrx_word' id='word_1_402' title='bbox 343 3544 497 3603; x_wconf 76' lang='lat' dir='ltr'>CLXVII.</span> <span class='ocrx_word' id='word_1_403' title='bbox 547 3548 606 3648; x_wconf 86' lang='lat' dir='ltr'><strong><em>T64</em></strong></span> <span class='ocrx_word' id='word_1_404' title='bbox 636 3542 809 3647; x_wconf 82' lang='grc' dir='ltr'><strong><em>ἀποφάσεως</em></strong></span> <span class='ocrx_word' id='word_1_405' title='bbox 832 3541 880 3604; x_wconf 85' lang='lat'><strong><em>066</em></strong></span> <span class='ocrx_word' id='word_1_406' title='bbox 905 3543 1008 3622; x_wconf 87' lang='grc' dir='ltr'><strong><em>ταύτης</em></strong></span> <span class='ocrx_word' id='word_1_407' title='bbox 1014 3546 1297 3652; x_wconf 83' lang='grc' dir='ltr'><strong><em>καταλαβούσης’</em></strong></span> <span class='ocrx_word' id='word_1_408' title='bbox 1281 3549 1433 3610; x_wconf 83' lang='grc' dir='ltr'><strong><em>εσκέπτετο</em></strong></span> 
     </span>
     <span class='ocr_line' id='line_1_40' title="bbox 258 3625 1433 3728; baseline 0.003 -38"><span class='ocrx_word' id='word_1_409' title='bbox 258 3625 492 3726; x_wconf 83' lang='grc' dir='ltr'><strong><em>Μαρμεντῖνος,</em></strong></span> <span class='ocrx_word' id='word_1_410' title='bbox 476 3651 553 3696; x_wconf 90' lang='grc' dir='ltr'><strong><em>οπως</em></strong></span> <span class='ocrx_word' id='word_1_411' title='bbox 568 3625 603 3690; x_wconf 88' lang='grc' dir='ltr'><strong><em>ἀν</em></strong></span> <span class='ocrx_word' id='word_1_412' title='bbox 616 3626 654 3708; x_wconf 78' lang='grc' dir='ltr'><strong><em>μὴ</em></strong></span> <span class='ocrx_word' id='word_1_413' title='bbox 669 3652 684 3688; x_wconf 95' lang='grc' dir='ltr'><strong><em>ο</em></strong></span> <span class='ocrx_word' id='word_1_414' title='bbox 676 3625 820 3728; x_wconf 78' lang='grc' dir='ltr'><strong><em>Κλήμης</em></strong></span> <span class='ocrx_word' id='word_1_415' title='bbox 833 3625 968 3706; x_wconf 64' lang='lat'>6604*</span> <span class='ocrx_word' id='word_1_416' title='bbox 941 3652 989 3724; x_wconf 89' lang='grc' dir='ltr'><strong><em>την</em></strong></span> <span class='ocrx_word' id='word_1_417' title='bbox 1008 3625 1169 3708; x_wconf 80' lang='grc' dir='ltr'><strong><em>ὑπερορίαν,</em></strong></span> <span class='ocrx_word' id='word_1_418' title='bbox 1191 3631 1250 3694; x_wconf 87' lang='grc' dir='ltr'><strong><em>ἀλλ’</em></strong></span> <span class='ocrx_word' id='word_1_419' title='bbox 1270 3631 1348 3709; x_wconf 85' lang='grc' dir='ltr'><strong><em>αάτφ</em></strong></span> <span class='ocrx_word' id='word_1_420' title='bbox 1336 3635 1433 3711; x_wconf 81' lang='grc' dir='ltr'><strong><em>μάλ-</em></strong></span> 
     </span>
     <span class='ocr_line' id='line_1_41' title="bbox 255 3705 1433 3818; baseline 0.002 -44"><span class='ocrx_word' id='word_1_421' title='bbox 255 3717 303 3774; x_wconf 89' lang='grc' dir='ltr'><strong><em>λον</em></strong></span> <span class='ocrx_word' id='word_1_422' title='bbox 318 3705 364 3770; x_wconf 83' lang='grc' dir='ltr'><strong><em>καὶ</em></strong></span> <span class='ocrx_word' id='word_1_423' title='bbox 379 3734 419 3785; x_wconf 87' lang='grc' dir='ltr'><strong><em>τῳ</em></strong></span> <span class='ocrx_word' id='word_1_424' title='bbox 406 3711 542 3788; x_wconf 83' lang='grc' dir='ltr'><strong><em>βασιλεῖ</em></strong></span> <span class='ocrx_word' id='word_1_425' title='bbox 557 3711 685 3790; x_wconf 88' lang='grc' dir='ltr'><strong><em>πεισθείη</em></strong></span> <span class='ocrx_word' id='word_1_426' title='bbox 701 3705 746 3772; x_wconf 81' lang='grc' dir='ltr'><strong><em>καί</em></strong></span> <span class='ocrx_word' id='word_1_427' title='bbox 763 3709 882 3772; x_wconf 80' lang='grc' dir='ltr'><strong><em>θύσειεν</em></strong></span> <span class='ocrx_word' id='word_1_428' title='bbox 905 3709 1036 3816; x_wconf 72' lang='grc' dir='ltr'><strong><em>οὐδὲγάρ</em></strong></span> <span class='ocrx_word' id='word_1_429' title='bbox 1051 3712 1131 3792; x_wconf 85' lang='grc' dir='ltr'><strong><em>ἔφερε</em></strong></span> <span class='ocrx_word' id='word_1_430' title='bbox 1145 3713 1308 3818; x_wconf 85' lang='grc' dir='ltr'><strong><em>τηλικαύτη</em></strong></span> <span class='ocrx_word' id='word_1_431' title='bbox 1327 3715 1433 3797; x_wconf 82' lang='grc' dir='ltr'><strong><em>ἀνδρὸς</em></strong></span> 
     </span>
     <span class='ocr_line' id='line_1_42' title="bbox 255 3789 1433 3905; baseline 0.008 -51"><span class='ocrx_word' id='word_1_432' title='bbox 255 3792 355 3897; x_wconf 76' lang='grc' dir='ltr'><strong><em>ἀρετὴν</em></strong></span> <span class='ocrx_word' id='word_1_433' title='bbox 341 3789 553 3894; x_wconf 69' lang='grc' dir='ltr'><strong><em>νζημιούμενος</em></strong></span> <span class='ocrx_word' id='word_1_434' title='bbox 569 3797 609 3870; x_wconf 76' lang='grc' dir='ltr'><strong><em>τοῦ</em></strong></span> <span class='ocrx_word' id='word_1_435' title='bbox 625 3791 654 3856; x_wconf 80' lang='grc' dir='ltr'><strong><em>δὲ</em></strong></span> <span class='ocrx_word' id='word_1_436' title='bbox 668 3797 800 3856; x_wconf 87' lang='grc' dir='ltr'><strong><em>τοσοῦτον</em></strong></span> <span class='ocrx_word' id='word_1_437' title='bbox 814 3794 992 3898; x_wconf 64' lang='lat'>66666006¹³</span> <span class='ocrx_word' id='word_1_438' title='bbox 976 3795 1087 3865; x_wconf 87' lang='grc' dir='ltr'><strong><em>εκείνως</em></strong></span> <span class='ocrx_word' id='word_1_439' title='bbox 1101 3797 1315 3878; x_wconf 67' lang='grc' dir='ltr'><strong><em>πεισθῆναι,’“2</em></strong></span> <span class='ocrx_word' id='word_1_440' title='bbox 1278 3827 1295 3880; x_wconf 91' lang='grc' dir='ltr'><strong><em>η</em></strong></span> <span class='ocrx_word' id='word_1_441' title='bbox 1337 3805 1433 3905; x_wconf 86' lang='grc' dir='ltr'><strong><em>δυσχε-</em></strong></span> 
     </span>
     <span class='ocr_line' id='line_1_43' title="bbox 254 3871 1432 3980; baseline 0.007 -41"><span class='ocrx_word' id='word_1_442' title='bbox 254 3876 337 3958; x_wconf 88' lang='grc' dir='ltr'><strong><em>ράναι</em></strong></span> <span class='ocrx_word' id='word_1_443' title='bbox 352 3875 423 3980; x_wconf 78' lang='lat'>0064</span> <span class='ocrx_word' id='word_1_444' title='bbox 437 3873 494 3978; x_wconf 77' lang='lat'><strong><em>666</em></strong></span> <span class='ocrx_word' id='word_1_445' title='bbox 501 3871 658 3956; x_wconf 86' lang='grc' dir='ltr'><strong><em>ῦπεροριαν,</em></strong></span> <span class='ocrx_word' id='word_1_446' title='bbox 674 3876 731 3980; x_wconf 84' lang='grc' dir='ltr'><strong><em>όσφ</em></strong></span> <span class='ocrx_word' id='word_1_447' title='bbox 746 3873 792 3938; x_wconf 75' lang='grc' dir='ltr'><strong><em>καὶ</em></strong></span> <span class='ocrx_word' id='word_1_448' title='bbox 801 3877 891 3980; x_wconf 83' lang='grc' dir='ltr'><strong><em>μῦτδν</em></strong></span> <span class='ocrx_word' id='word_1_449' title='bbox 903 3877 1058 3951; x_wconf 84' lang='grc' dir='ltr'><strong><em>ἐσπούδαζε</em></strong></span> <span class='ocrx_word' id='word_1_450' title='bbox 1071 3881 1142 3959; x_wconf 85' lang='grc' dir='ltr'><strong><em>πρὸς</em></strong></span> <span class='ocrx_word' id='word_1_451' title='bbox 1156 3881 1205 3962; x_wconf 84' lang='grc' dir='ltr'><strong><em>τίγν</em></strong></span> <span class='ocrx_word' id='word_1_452' title='bbox 1221 3882 1409 3966; x_wconf 66' lang='lat'>0600&#39;6000‘</span> <span class='ocrx_word' id='word_1_453' title='bbox 1380 3909 1432 3946; x_wconf 88' lang='grc' dir='ltr'><strong><em>τον</em></strong></span> 
     </span>
     <span class='ocr_line' id='line_1_44' title="bbox 254 3955 1431 4047; baseline 0.008 -26"><span class='ocrx_word' id='word_1_454' title='bbox 254 3960 375 4039; x_wconf 86' lang='grc' dir='ltr'><strong><em>ἔπαρχον</em></strong></span> <span class='ocrx_word' id='word_1_455' title='bbox 391 3955 616 4021; x_wconf 88' lang='grc' dir='ltr'><strong><em>ἐπισπάσασθαι.</em></strong></span> <span class='ocrx_word' id='word_1_456' title='bbox 638 3959 759 4038; x_wconf 88' lang='grc' dir='ltr'><strong><em>τοσαύτη</em></strong></span> <span class='ocrx_word' id='word_1_457' title='bbox 773 3959 826 4041; x_wconf 93' lang='grc' dir='ltr'><strong><em>γάρ</em></strong></span> <span class='ocrx_word' id='word_1_458' title='bbox 841 3983 886 4036; x_wconf 91' lang='grc' dir='ltr'><strong><em>τις</em></strong></span> <span class='ocrx_word' id='word_1_459' title='bbox 896 3957 1051 4022; x_wconf 71' lang='grc' dir='ltr'><strong><em>άνωθεν“</em></strong></span> <span class='ocrx_word' id='word_1_460' title='bbox 1025 3987 1074 4024; x_wconf 91' lang='grc' dir='ltr'><strong><em>τον</em></strong></span> <span class='ocrx_word' id='word_1_461' title='bbox 1091 3963 1244 4064; x_wconf 79' lang='grc' dir='ltr'><strong><em>Κλημεντα</em></strong></span> <span class='ocrx_word' id='word_1_462' title='bbox 1259 3967 1431 4047; x_wconf 77' lang='grc' dir='ltr'><strong><em>περιίστατο</em></strong></span> 
     </span>
     <span class='ocr_line' id='line_1_45' title="bbox 251 4037 1432 4141; baseline 0.009 -38"><span class='ocrx_word' id='word_1_463' title='bbox 251 4041 344 4122; x_wconf 89' lang='grc' dir='ltr'><strong><em>χάρις,</em></strong></span> <span class='ocrx_word' id='word_1_464' title='bbox 366 4037 413 4102; x_wconf 82' lang='grc' dir='ltr'><strong><em>καὶ</em></strong></span> <span class='ocrx_word' id='word_1_465' title='bbox 434 4039 523 4141; x_wconf 82' lang='grc' dir='ltr'><strong><em>ούτμις</em></strong></span> <span class='ocrx_word' id='word_1_466' title='bbox 541 4037 558 4120; x_wconf 90' lang='lat'><strong><em>6</em></strong></span> <span class='ocrx_word' id='word_1_467' title='bbox 579 4040 680 4104; x_wconf 87' lang='grc' dir='ltr'><strong><em>ἐκείνου</em></strong></span> <span class='ocrx_word' id='word_1_468' title='bbox 700 4047 809 4123; x_wconf 79' lang='grc' dir='ltr'><strong><em>γλῶττα</em></strong></span> <span class='ocrx_word' id='word_1_469' title='bbox 829 4043 921 4141; x_wconf 88' lang='grc' dir='ltr'><strong><em>κηρίον</em></strong></span> <span class='ocrx_word' id='word_1_470' title='bbox 940 4045 1048 4116; x_wconf 89' lang='grc' dir='ltr'><strong><em>παντὸς</em></strong></span> <span class='ocrx_word' id='word_1_471' title='bbox 1068 4042 1114 4108; x_wconf 78' lang='grc' dir='ltr'><strong><em>καί</em></strong></span> <span class='ocrx_word' id='word_1_472' title='bbox 1137 4050 1247 4128; x_wconf 77' lang='grc' dir='ltr'><strong><em>μελιτος</em></strong></span> <span class='ocrx_word' id='word_1_473' title='bbox 1266 4049 1432 4132; x_wconf 88' lang='grc' dir='ltr'><strong><em>γλυκύτερον</em></strong></span> 
     </span>
     <span class='ocr_line' id='line_1_46' title="bbox 252 4119 1430 4228; baseline 0.011 -44"><span class='ocrx_word' id='word_1_474' title='bbox 252 4121 409 4196; x_wconf 86' lang='grc' dir='ltr'><strong><em>ἔσταζεν,</em></strong></span> <span class='ocrx_word' id='word_1_475' title='bbox 390 4149 429 4193; x_wconf 89' lang='grc' dir='ltr'><strong><em>ως</em></strong></span> <span class='ocrx_word' id='word_1_476' title='bbox 442 4119 488 4184; x_wconf 78' lang='grc' dir='ltr'><strong><em>καὶ</em></strong></span> <span class='ocrx_word' id='word_1_477' title='bbox 505 4123 590 4186; x_wconf 82' lang='grc' dir='ltr'><strong><em>αὐτὸν</em></strong></span> <span class='ocrx_word' id='word_1_478' title='bbox 606 4123 684 4202; x_wconf 82' lang='grc' dir='ltr'><strong><em>ἔρωτι</em></strong></span> <span class='ocrx_word' id='word_1_479' title='bbox 699 4130 797 4204; x_wconf 79' lang='grc' dir='ltr'><strong><em>θερμφ</em></strong></span> <span class='ocrx_word' id='word_1_480' title='bbox 814 4151 863 4188; x_wconf 92' lang='grc' dir='ltr'><strong><em>του</em></strong></span> <span class='ocrx_word' id='word_1_481' title='bbox 851 4128 978 4228; x_wconf 85' lang='grc' dir='ltr'><strong><em>ἀνδρὸς</em></strong></span> <span class='ocrx_word' id='word_1_482' title='bbox 992 4131 1180 4226; x_wconf 74' lang='grc' dir='ltr'><strong><em>ληφθε’ντα“</em></strong></span> <span class='ocrx_word' id='word_1_483' title='bbox 1154 4156 1203 4194; x_wconf 94' lang='grc' dir='ltr'><strong><em>τον</em></strong></span> <span class='ocrx_word' id='word_1_484' title='bbox 1217 4138 1430 4214; x_wconf 83' lang='grc' dir='ltr'><strong><em>Μαρμεντῖνον,</em></strong></span> 
     </span>
     <span class='ocr_line' id='line_1_47' title="bbox 185 4203 1476 4327; baseline 0.014 -64"><span class='ocrx_word' id='word_1_485' title='bbox 185 4207 189 4216; x_wconf 91' lang='grc'><strong><em>’</em></strong></span> <span class='ocrx_word' id='word_1_486' title='bbox 252 4203 344 4266; x_wconf 90' lang='grc' dir='ltr'><strong><em>πολλά</em></strong></span> <span class='ocrx_word' id='word_1_487' title='bbox 359 4229 389 4265; x_wconf 88' lang='grc' dir='ltr'><strong><em>τε</em></strong></span> <span class='ocrx_word' id='word_1_488' title='bbox 404 4209 437 4282; x_wconf 77' lang='grc' dir='ltr'><strong><em>τῇ</em></strong></span> <span class='ocrx_word' id='word_1_489' title='bbox 453 4205 596 4327; x_wconf 66' lang='grc' dir='ltr'><strong><em>ἀποδημιηι</em></strong></span> <span class='ocrx_word' id='word_1_490' title='bbox 612 4209 799 4283; x_wconf 84' lang='grc' dir='ltr'><strong><em>ἐπιστενάξαι,</em></strong></span> <span class='ocrx_word' id='word_1_491' title='bbox 823 4206 869 4271; x_wconf 78' lang='grc' dir='ltr'><strong><em>καί</em></strong></span> <span class='ocrx_word' id='word_1_492' title='bbox 891 4211 999 4291; x_wconf 88' lang='grc' dir='ltr'><strong><em>δάκρυα</em></strong></span> <span class='ocrx_word' id='word_1_493' title='bbox 1019 4216 1058 4289; x_wconf 72' lang='grc' dir='ltr'><strong><em>τοῦ</em></strong></span> <span class='ocrx_word' id='word_1_494' title='bbox 1078 4213 1239 4295; x_wconf 86' lang='grc' dir='ltr'><strong><em>πατριάρχη</em></strong></span> <span class='ocrx_word' id='word_1_495' title='bbox 1254 4218 1427 4321; x_wconf 82' lang='grc' dir='ltr'><strong><em>ἐπιβαλεῖν</em></strong></span> <span class='ocrx_word' id='word_1_496' title='bbox 1412 4244 1430 4280; x_wconf 93' lang='grc' dir='ltr'><strong><em>ο</em></strong></span> <span class='ocrx_word' id='word_1_497' title='bbox 1472 4241 1476 4249; x_wconf 95' lang='grc'><strong><em>·</em></strong></span> 
     </span>
     <span class='ocr_line' id='line_1_48' title="bbox 251 4281 1430 4381; baseline 0.015 -35"><span class='ocrx_word' id='word_1_498' title='bbox 251 4286 377 4358; x_wconf 84' lang='grc' dir='ltr'><strong><em>θεὸς,’</em></strong></span> <span class='ocrx_word' id='word_1_499' title='bbox 350 4285 480 4359; x_wconf 83' lang='grc' dir='ltr'><strong><em>ιιπόντα,</em></strong></span> <span class='ocrx_word' id='word_1_500' title='bbox 499 4281 542 4364; x_wconf 76' lang='lat'><strong><em>6³</em></strong></span> <span class='ocrx_word' id='word_1_501' title='bbox 560 4289 594 4350; x_wconf 86' lang='lat'><strong><em>06</em></strong></span> <span class='ocrx_word' id='word_1_502' title='bbox 615 4289 761 4369; x_wconf 78' lang='grc' dir='ltr'><strong><em>ειλικρινάς</em></strong></span> <span class='ocrx_word' id='word_1_503' title='bbox 779 4291 929 4372; x_wconf 84' lang='grc' dir='ltr'><strong><em>λατρεύεις,</em></strong></span> <span class='ocrx_word' id='word_1_504' title='bbox 950 4293 1036 4365; x_wconf 84' lang='grc' dir='ltr'><strong><em>αάτός</em></strong></span> <span class='ocrx_word' id='word_1_505' title='bbox 1056 4319 1099 4358; x_wconf 90' lang='grc' dir='ltr'><strong><em>σοι</em></strong></span> <span class='ocrx_word' id='word_1_506' title='bbox 1118 4299 1264 4377; x_wconf 82' lang='grc' dir='ltr'><strong><em>βοηθὸς’</em></strong></span> <span class='ocrx_word' id='word_1_507' title='bbox 1247 4296 1293 4362; x_wconf 82' lang='grc' dir='ltr'><strong><em>επί.</em></strong></span> <span class='ocrx_word' id='word_1_508' title='bbox 1313 4305 1347 4380; x_wconf 75' lang='grc' dir='ltr'><strong><em>τῇ</em></strong></span> <span class='ocrx_word' id='word_1_509' title='bbox 1363 4326 1430 4381; x_wconf 91' lang='grc' dir='ltr'><strong><em>συμ-</em></strong></span> 
     </span>
    </p>
   </div>
   <div class='ocr_carea' id='block_1_4' title="bbox 0 0 1568 4894">
    <p class='ocr_par' dir='ltr' id='par_1_6' title="bbox 0 0 1568 4894">
     <span class='ocr_line' id='line_1_49' title="bbox 0 0 1568 4894; baseline 0 6"><span class='ocrx_word' id='word_1_510' title='bbox 0 0 1568 4894; x_wconf 95' lang='lat' dir='ltr'><strong><em> </em></strong></span> 
     </span>
    </p>
   </div>
  </div>
 </body>
</html>
