3114 4896
551 383 706 436 armona
724 385 836 436 raroa-
1239 366 1281 433 31

174 529 315 585 XXXIX.
351 531 389 585 Et
406 529 516 586 Simon:
537 529 722 586 Manifestum
742 537 800 600 est,
821 537 851 586 te
868 531 946 586 nolle
963 531 1061 587 audire
1078 549 1113 587 ex
1130 529 1282 604 Scripturis

114 599 356 680 reprehensionem
372 599 430 654 Dei
447 599 498 653 tui.
532 597 576 653 Ac
596 599 711 654 Petrus:
733 599 800 671 Ipse
819 600 850 653 id
876 599 970 654 facere
991 598 1061 653 mihi
1086 599 1199 654 videris.
1229 600 1283 666 Qui

116 685 183 721 curm
196 667 325 722 ordinem
338 667 514 739 quaestionis
526 667 609 734 vitat,
623 685 740 723 examen
751 685 848 722 verum
864 667 926 722 fieri
944 685 1001 722 non
1018 668 1086 722 vult.
1122 667 1206 723 Unde
1219 685 1283 744 ego,

115 736 158 806 qui
169 735 268 790 ordine
286 742 352 792 utor
369 741 398 790 et
416 735 496 802 volo,
513 734 633 814 primum
650 735 815 806 scriptorem
833 735 1018 804 considerari,
1035 735 1187 791 manifeste
1200 737 1283 806 cupio

114 809 186 858 recta
197 804 245 858 via
261 803 402 858 incedere.
439 803 513 856 Tum
526 801 636 858 Simon:
653 803 747 858 Primo
760 803 864 870 fatere,
880 821 917 858 an
929 821 996 858 vera
1008 804 1079 872 sint,
1093 822 1165 876 quae
1178 805 1284 875 scripta

115 877 174 925 suut
186 872 216 925 in
227 872 328 926 mundi
345 870 491 942 opificem,
508 888 561 925 nec
578 871 617 925 sit
633 871 758 926 omnium
775 888 936 942 supremus,
953 889 1016 926 cum
1033 873 1112 928 iuxta
1124 871 1184 928 Scri
1205 877 1283 928 turas

115 940 239 994 omnine
261 939 352 994 uitiae
374 939 412 994 sit
433 939 584 1006 obnoxius,
610 945 639 994 et
658 945 760 1010 postea
780 940 945 1010 scriptorem
966 957 1138 1010 quaeremus.
1182 891 1284 996 {eutis

115 1015 216 1062 autem:
271 1025 287 1062 e
300 1007 331 1061 id
344 1007 379 1062 de
391 1024 436 1061 me
448 1007 587 1074 videatur,
599 1007 764 1078 respondeo.
799 1007 862 1080 Ego
874 1007 920 1062 aio
932 1007 1003 1075 ista,
1016 1025 1088 1080 quac
1100 1009 1155 1064 tibi
1167 1026 1283 1064 censen-

115 1083 154 1129 tur
164 1076 301 1130 adversus
313 1075 408 1130 Deum
421 1074 476 1130 scri
497 1081 540 1142 ta,
557 1091 624 1129 vera
636 1075 750 1145 quidem
762 1093 838 1142 esse,
850 1093 946 1130 verum
959 1076 1045 1131 etiam
1063 1077 1104 1131 sic
1121 1095 1178 1132 non
1189 1083 1284 1132 osten·

116 1144 183 1210 dere,
195 1143 294 1198 Deum
306 1159 369 1198 esse
382 1094 546 1214 improdum.
573 1143 629 1208 Qui
641 1160 718 1224 ergo,
732 1144 824 1214 inquit
837 1143 942 1210 Simon,
954 1144 1009 1199 hoc
1021 1151 1104 1216 potes
1116 1143 1284 1200 adstruere?
1352 1149 1355 1154 '

175 1211 237 1265 XL.
274 1209 316 1265 At
331 1211 446 1266 Petrus:
469 1210 610 1266 Adsmum
627 1211 699 1266 dicis
718 1229 833 1267 caecum
844 1211 995 1266 formatum
1008 1229 1085 1280 esse,
1102 1213 1177 1284 quod
1188 1219 1284 1268 tamen

116 1280 159 1334 ille
178 1298 236 1335 non
257 1284 327 1335 erat.
362 1279 428 1335 Non
446 1280 521 1334 enim
538 1296 623 1334 caeco
644 1279 822 1351 praecipiens
839 1280 1013 1334 ostendisset
1028 1297 1062 1335 ac
1082 1281 1215 1336 dixisset:
1240 1284 1284 1336 De

116 1349 182 1416 lipco
197 1357 291 1402 actem
308 1348 437 1401 coiectiae
449 1349 549 1402 boniet
559 1349 630 1401 moli
645 1367 678 1402 ae
722 1350 807 1402 stetis.
841 1347 879 1401 Et
897 1347 994 1402 Simon
1010 1347 1153 1403 invertens
1169 1365 1283 1420 respon·

117 1416 166 1470 dit:
191 1415 317 1471 Caecam
330 1415 402 1468 dixit
413 1422 537 1470 mentem
549 1414 646 1486 ipsius.
711 1415 852 1470 cPetrus:
878 1415 940 1480 Qua
951 1415 1060 1470 ratione
1073 1421 1167 1471 mente
1181 1433 1283 1471 caecus

116 1501 171 1538 esse
183 1490 308 1565 poterat,
322 1483 371 1554 qui
382 1489 535 1554 antequam
547 1490 693 1555 gustasset
705 1483 826 1538 fructum
850 1483 1052 1537 convenienter
1061 1484 1181 1539 creatori
1193 1484 1283 1555 ipsius

116 1569 220 1624 propria
231 1551 366 1606 omnibus
382 1551 553 1606 animalibus
571 1552 706 1622 imposuit
721 1551 836 1605 nomina
892 1549 989 1606 Simon
1004 1568 1084 1606 vero:
1109 1550 1140 1606 Si
1157 1550 1283 1606 Adamus

115 1619 325 1700 praenotionem
336 1619 446 1686 habuit,
459 1637 614 1700 quarennon
624 1619 772 1699 praenovit
784 1624 958 1699 serpentem,
995 1618 1025 1672 ui
1037 1619 1098 1674 eius
1110 1636 1224 1674 uxorem
1237 1619 1284 1674 de·

116 1687 506 1824 tilttitriutiilriiffiit
521 1686 991 1826 ttt‘ttttttttrtttt
1004 1687 1284 1811 ttttattttlt

116 1824 253 1891 actiones,
275 1823 395 1894 primum
412 1840 518 1878 vocans
537 1825 619 1893 Octo,
643 1823 719 1894 quod
734 1824 936 1894 interpretatur
952 1826 1112 1892 aemulatio,
1133 1825 1182 1894 qui
1199 1823 1285 1880 etiam

115 1891 301 1972 aemulatione
315 1891 417 1971 ductus
427 1891 572 1972 interfecit
581 1890 696 1946 fratrem
706 1909 786 1946 suum
797 1893 873 1961 Abel,
885 1893 961 2014 qqrod
970 1893 1172 1972 interpretatur
1180 1895 1285 1973 lactasg

116 1959 893 2099 tettatlttdttttttttltttttttltttt
905 1960 1063 2102 nigidii
1078 1958 1286 2084 ‘diffindat-¹3?

116 2095 197 2217 uns.
234 2095 282 2217 'It'u
294 2101 399 2164 autem,
412 2113 428 2150 o
443 2095 553 2164 Simon,
567 2113 631 2151 cum
642 2096 716 2152 male
729 2097 878 2169 intelligas
892 2097 1003 2153 divinas
1015 2046 1190 2169 Scripturas,
1204 2097 1285 2152 obtu-

115 2181 232 2219 raoore
259 2180 319 2218 ace.

176 2231 255 2284 XLI.
290 2232 378 2287 Porro
391 2231 467 2302 quod
485 2231 696 2303 scriptumest:
719 2235 816 2290 Secum
834 2235 970 2303 reputavit
980 2235 1070 2302 Deae,
1091 2233 1173 2304 quasi
1189 2239 1287 2289 utatur

115 2299 330 2354 ratiocinatione
350 2305 466 2370 propter
486 2300 690 2372 ignorantiam,
713 2307 742 2356 et
762 2300 868 2356 adhuc:
899 2303 1024 2355 Tectocs't
1040 2303 1178 2356 Dominae
1193 2304 1285 2358 Abra-

116 2370 230 2439 lamam,
251 2372 286 2422 ut
297 2373 494 2440 cognosceret,
507 2385 544 2422 an
557 2369 581 2422 is
594 2367 680 2424 ferret
691 2369 843 2440 patienter,
865 2368 938 2421 illud
954 2369 1055 2424 etiam:
1086 2371 1286 2423 Descendentes

116 2438 265 2505 videamus,
278 2454 316 2490 aa
328 2437 476 2490 sedandum
488 2438 635 2490 clamorem
647 2438 784 2507 ipsoram,
798 2437 847 2505 qai
857 2439 929 2489 accit
940 2439 980 2490 ad
990 2455 1045 2502 cce,
1058 2439 1224 2506 perficiact;
1241 2437 1286 2489 cc'c

115 2505 200 2558 micus
211 2512 243 2558 ct
254 2505 359 2558 edam:
376 2521 410 2558 ac
422 2520 458 2558 ne
471 2521 628 2559 sermonem
639 2504 753 2574 longius
765 2502 940 2574 protraham,
953 2503 1060 2557 clarum
1073 2520 1186 2556 sensum
1198 2520 1231 2557 ac
1244 2502 1285 2556 in·

116 2572 261 2626 tellectum
271 2569 380 2626 habent
396 2588 430 2625 ea
442 2571 620 2640 testimonia,
637 2589 691 2626 nec
703 2572 797 2626 Deum
810 2571 845 2625 de
857 2569 1019 2642 ignorantia
1029 2588 1061 2624 ar
1101 2576 1162 2637 unt,
1175 2571 1245 2625 licet
1256 2570 1287 2623 id

115 2647 188 2694 tuam
200 2639 232 2694 tu
255 2639 296 2694 iat
309 2639 541 2711 intelligentiam.
566 2640 649 2705 Quod
660 2645 755 2695 autem
766 2655 865 2694 revera
876 2638 1027 2708 praesciat,
1040 2637 1050 2691 i
1072 2655 1105 2693 eo
1116 2637 1187 2693 dicit
1195 2637 1285 2693 Abra·

116 2706 207 2763 hamo:
230 2657 349 2764 §cando
361 2709 442 2776 scies,
474 2710 529 2762 aod
534 2709 712 2778 perecriocm
729 2709 781 2762 erit
792 2725 880 2762 semea
893 2715 967 2760 tccm
979 2707 1009 2761 c'c
1027 2714 1102 2761 terra
1114 2726 1169 2760 coo
1184 2725 1250 2774 sca,
1263 2714 1287 2760 et

117 2777 142 2898 ig
153 2777 308 2898 retroitcteqa
316 2777 441 2857 radicaret
447 2727 563 2898 ailad?
574 2777 701 2898 asfliqqqt
704 2797 715 2846 ,·
721 2785 753 2900 bet
763 2777 913 2899 deqmcqe'rlct
922 2793 965 2829 eos
975 2776 1184 2897 quadriqqeqtiq
1196 2774 1286 2828 acam.

117 2861 782 2984 ,attttttttttttattttttttt
799 2862 859 2967 ,tt
876 2861 1028 2982 dizit?
1037 2862 1156 2991 tiit-tt
1172 2861 1287 2965 tat

117 2988 180 3034 etate
192 2981 283 3047 boaa;
297 2987 399 3048 quarta
411 2997 475 3034 vero
486 2980 658 3048 praecatione
671 2989 836 3035 revertentur
848 2981 907 3034 hac.
927 2979 965 3034 Et
978 2997 1045 3035 sane
1058 2984 1123 3046 rata,
1137 2997 1209 3049 quae
1221 2984 1287 3050 post

117 3047 216 3101 multas
229 3046 431 3119 generationes
449 3053 584 3102 eventura
597 3054 689 3116 erant,
707 3049 875 3115 ostendunt,
888 3048 964 3119 quod
975 3053 1144 3120 praenoscat
1157 3053 1187 3103 et
1198 3046 1286 3102 mani·

117 3113 269 3169 festissime
281 3132 316 3170 ac
329 3114 488 3170 certissime
501 3115 582 3169 sciat.

180 3181 274 3236 XLII.
311 3182 413 3254 Itaque
430 3182 465 3237 de
484 3182 549 3236 istis
565 3183 650 3238 rebus
666 3183 814 3254 inquisitio
831 3183 869 3239 ad
884 3183 1000 3238 tertium
1031 3200 1123 3254 acque
1138 3183 1213 3238 diem
1225 3200 1286 3254 pro·

118 3249 199 3306 ducta
220 3256 272 3306 est.
309 3250 415 3315 Quarto
427 3257 522 3306 autem
534 3250 721 3306 illucescente
738 3251 835 3307 Simon
847 3251 877 3305 in
894 3251 1001 3322 Tyrum
1012 3201 1084 3323 Iuga
1104 3268 1134 3305 se
1154 3250 1286 3320 abripuit.

117 3317 174 3373 Nec
190 3318 290 3372 multis
306 3324 372 3389 post
394 3317 495 3374 diebus
515 3319 630 3390 quidam
646 3319 728 3374 illinc
748 3324 887 3376 venerunt
906 3319 948 3373 ita
967 3319 1167 3373 renunciantes
1187 3318 1286 3371 Petro:

118 3385 210 3441 Simon
227 3404 346 3458 magnas
362 3387 535 3467 praestigias
551 3387 576 3440 Τ
614 3387 620 3399 '
639 3386 750 3442 edendo
770 3387 875 3440 multos
892 3386 1048 3440 incolarum
1064 3384 1186 3456 perculit
1202 3391 1287 3453 teque

116 3454 243 3524 pluribus
255 3455 406 3509 calumniis
418 3454 548 3510 odiosum
560 3473 574 3510 e
589 3454 665 3510 fecit.
702 3454 781 3518 Quae
797 3459 948 3576 postquam
964 3453 1075 3508 audivit
1085 3451 1200 3518 Petrus,
1213 3451 1287 3506 inse·

117 3522 214 3592 quenti
225 3527 311 3578 nocte
324 3522 400 3577 omni
412 3523 517 3595 populo
530 3528 704 3597 congregato
714 3522 796 3589 Quau
817 3522 958 3594 oqurdem,
970 3521 1073 3593 inquit,
1086 3537 1150 3574 cum
1160 3536 1213 3592 ego
1225 3536 1287 3590 pro·

117 3645 318 3658 *—

119 3709 223 3778 (θέλειν
232 3714 419 3778 uterqueHom.
430 3713 498 3778 eod,
507 3699 683 3784 perdididerit
777 3715 836 3782 Gap.
849 3714 918 3766 XLI.
953 3711 981 3782 1)
995 3715 1056 3764 Gen.
1069 3711 1094 3776 6,
1108 3710 1132 3763 6.
1149 3739 1182 3749 -
1201 3707 1230 3781 2)
1243 3713 1288 3765 καὶ

119 3786 202 3830 nostra
213 3781 293 3847 Epit.)
313 3783 402 3847 ζητεῖν
413 3781 488 3831 inser.
500 3783 587 3845 BOD,
605 3783 681 3834 Hom.
725 3798 773 3832 om.
786 3783 814 3846 0,
827 3787 852 3833 et
863 3798 949 3848 reapse
962 3782 1079 3832 abundat.
1091 3783 1154 3832 Gen.
1166 3776 1242 3843 221.
1254 3808 1288 3818 -

118 3847 162 3910 III,
171 3844 216 3910 41,
229 3853 316 3898 nostra
326 3848 397 3914 Epit.
410 3855 435 3900 ct
447 3850 479 3901 al.
492 3865 531 3931 ap.
544 3850 598 3900 Cot.
619 3851 682 3899 For·
723 3845 842 3966 itgvocc.
854 3850 900 3902 ἵνα
911 3849 970 3918 γνῷ
982 3850 1032 3900 des.
1044 3850 1071 3900 in
1084 3850 1110 3900 G.
1131 3875 1165 3885 -
1184 3843 1213 3967 43
1226 3852 1287 3900 Gen.

49 3933 54 3946 ·
119 3915 345 3978 tassislegendum:
364 3917 410 3967 ἵνα
426 3911 467 3998 μὴ
484 3916 557 3976 doio
573 3914 681 3968 ἀντιλέ-
725 3914 928 3983 1,21.-5)ἀ
950 3918 1184 3984 fltvorntccalap.
1214 3923 1287 3967 ot.—

118 3999 176 4048 yerv
198 3997 252 4033 σου
268 3982 301 4055 τῇ
317 3979 412 4050 ἀταξίᾳ
432 4003 471 4054 μη
489 3986 593 4042 θέλων,
609 3983 682 4054 μηδὲ
724 3981 752 4070 6)
765 3987 810 4036 καὶ
821 3985 914 4036 excidit
943 3985 1016 4036 lerici
1028 3985 1065 4034 ed.
1081 3979 1156 4034 1724.
1170 3987 1231 4032 Gcn.
1245 3980 1287 4045 15,

122 4045 680 4136 tarsis,taceasque-7)cotelerii).
725 4050 851 4122 la-l)
864 4055 909 4105 καὶ
922 4049 954 4104 τὰ
967 4054 1081 4110 πολλαῖς
1092 4069 1116 4118 p.
1156 4046 1203 4102 ersi
1216 4052 1287 4102 πολ-

169 4118 231 4199 Cap.
243 4117 297 4168 XL.
317 4115 343 4185 1)
357 4137 431 4170 orrov
444 4121 471 4170 B.
485 4123 547 4173 Gen.
560 4117 584 4183 2,
600 4115 681 4170 17.-
724 4117 773 4180 λὰς
793 4121 867 4173 BOD
889 4125 913 4170 ct
933 4121 964 4170 al.
981 4136 1020 4186 ap.
1039 4120 1093 4170 Cot.
1119 4070 1215 4168 Iiidem
1230 4135 1288 4170 mox

120 4181 146 4250 2)
162 4180 285 4249 viduvono
306 4182 411 4254 τυφλὸς
426 4187 496 4240 εἶναι
513 4189 564 4238 inv.
581 4189 636 4239 01).
648 4216 682 4225 —
723 4193 831 4259 γενεαῖς
841 4206 867 4256 p.
879 4185 983 4257 γενεὰς.

121 4249 137 4302 3
163 4252 236 4305 πᾶσι
253 4256 311 4313 τοῖς
329 4253 407 4316 ζώοις
424 4254 534 4316 ἐπιθεὶς
546 4261 640 4322 transp.
652 4259 681 4306 B.

120 4316 364 4386 temerantem,
377 4320 551 4388 Hom.111,42
564 4329 683 4376 etnostra
776 4325 836 4390 Cap.
864 4322 946 4373 XLII.
1007 4318 1032 4386 l)
1068 4315 1289 4388 ἀπαγγέλλοντες
1318 4330 1325 4346 ’

121 4388 188 4454 Epit.
200 4414 235 4424 -
252 4382 306 4455 5)ὁ
323 4391 480 4443 adiunximus
496 4408 517 4444 c.
529 4393 560 4454 D,
574 4385 650 4443 Hom.
664 4392 681 4441 l.
724 4393 799 4442 BOD
811 4395 836 4440 et
847 4390 879 4440 al.
889 4406 928 4455 ap.
944 4388 1007 4450 cot,
1017 4388 1049 4438 λέ
1066 4404 1144 4446 οντες
1152 4389 1227 4437 Hom.
1240 4389 1288 4451 III,

123 4469 142 4504 c.
158 4461 182 4506 et
197 4459 363 4524 nostrapte
377 4486 410 4495 -
426 4455 454 4527 6)
471 4457 558 4511 αὐτοῦ
569 4459 640 4508 addit
652 4461 681 4508 B.
724 4456 972 4522 58etnostraEpit.
985 4481 1018 4490 -
1055 4450 1156 4520 )Vocc.
1173 4453 1202 4506 ἰν
1215 4449 1288 4523 stipor
