3126 4894
150 933 417 1027 CLEllENllS
432 933 862 1048 Pulublcluouou
879 932 989 1040 QUAS
1004 931 1179 1026 PETRUS
1193 933 1334 1025 INTER

318 1087 726 1180 PEREGRINANUDM
743 1087 931 1200 Hlssuu,
952 1087 1169 1181 EPITOIIE.

224 1477 361 1533 Clemens
378 1477 482 1533 Iacobo
499 1479 613 1533 domino
630 1497 664 1534 ac
679 1473 779 1550 'episco
801 1497 831 1546 o,
849 1484 879 1534 et
896 1497 911 1532 e
933 1478 1093 1559 iscoporum
1104 1477 1255 1558 episcopo,
1268 1495 1332 1532 san·

154 1552 233 1600 ctam
246 1545 474 1601 Christianorum
487 1547 639 1602 ecelesiam
651 1497 874 1618 HierosoIpmis,
891 1497 1054 1616 Obristrque
1066 1545 1124 1600 Der
1136 1546 1227 1600 nostri
1240 1546 1331 1600 ecole-

154 1615 215 1670 sias
226 1615 324 1669 ubivis
338 1615 436 1669 divina
447 1615 628 1685 providentia
639 1616 784 1696 praeclare
802 1615 974 1669 constitutas
991 1614 1175 1686 gubernanti,
1192 1631 1249 1667 una
1267 1631 1331 1668 cum

152 1683 344 1755 presbyteris,
357 1689 386 1737 et
399 1683 527 1738 diaconis
541 1689 718 1756 eaeterisque
730 1683 865 1738 fratribus
878 1682 1023 1738 omnibus:
1042 1699 1098 1753 pax
1110 1683 1149 1736 sit
1160 1698 1279 1752 semper.

223 1817 246 1872 Ι.
284 1815 365 1872 Scire
381 1825 410 1872 te
425 1817 526 1885 velim,
544 1819 583 1872 mi
602 1818 728 1886 domine,
746 1835 800 1890 ego
819 1816 951 1874 Clemens
969 1817 1040 1874 civis
1056 1818 1201 1873 Romanus
1212 1816 1331 1888 primam

153 1886 233 1941 vitae
255 1891 382 1940 aetatem
408 1891 487 1941 caste
511 1891 596 1957 atque
617 1889 810 1958 temperanter
829 1905 893 1942 curn
913 1887 1009 1942 vivere
1029 1887 1183 1958 potuerim,
1206 1891 1331 1940 contem·

174 1955 314 2008 lationem
328 1955 384 2008 iam
396 1971 414 2008 a
426 1954 521 2024 pueris
535 1955 722 2025 cupiditatem
739 1972 831 2009 meam
843 1955 880 2010 ad
892 1973 1032 2010 maerores
1044 1972 1180 2010 evocasse
1193 1960 1279 2024 atque
1291 1953 1330 2008 la·

151 1973 248 2076 bores.
283 2022 380 2076 Inerat
401 2023 476 2076 enirn
493 2023 563 2075 mihi
580 2023 720 2095 cogitatio
738 2023 835 2077 nescio
852 2024 927 2078 unde
950 2023 1063 2090 oborta,
1082 2041 1154 2094 quae
1170 2039 1215 2077 me
1232 2021 1331 2076 crebro

152 2089 343 2144 mortalitatis
356 2091 568 2156 commonebat,
580 2109 625 2145 me
639 2092 743 2162 quippe
764 2097 830 2161 post
848 2092 957 2146 obitum
973 2110 1029 2146 non
1047 2091 1186 2160 futurum,
1206 2107 1260 2144 neo
1280 2107 1331 2144 un·

153 2175 242 2230 quam
256 2158 313 2213 mei
330 2159 504 2212 mentionem
524 2159 648 2229 aliquem
661 2159 814 2226 facturum,
829 2161 966 2214 immenso
979 2160 1111 2214 nimirum
1123 2165 1251 2230 tempore
1263 2175 1330 2212 eun·

152 2232 265 2281 ctorum
279 2231 385 2280 cuncta
397 2229 427 2280 in
439 2227 612 2280 oblivionem
625 2228 801 2295 abducente3
821 2245 867 2282 ero
884 2233 980 2282 autem
998 2247 1055 2282 non
1068 2229 1195 2282 existens
1209 2244 1267 2294 eos,
1281 2225 1330 2296 qni

154 2293 210 2368 [ea,
224 2293 307 2368 quae]
321 2299 396 2361 sunt,
409 2312 466 2348 non
479 2311 665 2366 cognoscens,
678 2313 731 2350 nec
745 2313 936 2366 cognoscens,
950 2313 1042 2366 neque
1061 2296 1208 2367 cognitus,
1226 2295 1274 2364 qui
1295 2309 1330 2348 ue

152 2362 311 2432 aliquando
324 2379 381 2416 non
392 2361 508 2429 fuerim,
527 2369 555 2416 et
574 2369 642 2418 tune
659 2381 716 2418 non
730 2363 804 2416 sim?
828 2363 906 2417 Dein
916 2368 1010 2416 utrum
1023 2370 1135 2418 creatus
1149 2363 1187 2415 sit
1199 2379 1266 2414 mun
1287 2377 1330 2426 us,

153 2435 185 2485 et
197 2436 352 2499 antequam
364 2429 455 2496 fieret,
475 2430 543 2500 quid
555 2429 662 2484 fuerit?
685 2431 800 2484 Etenim
817 2430 841 2483 si
860 2447 970 2510 semper
982 2431 1050 2497 fuit,
1069 2447 1180 2500 semper
1196 2429 1264 2496 erit3
1286 2429 1331 2480 sin

152 2497 250 2552 factus
264 2503 318 2564 est,
332 2497 419 2552 etiam
432 2498 562 2553 interibit
576 2500 699 2566 solutus3
719 2503 748 2552 et
764 2503 831 2567 post
847 2499 994 2552 intentum
1013 2498 1081 2578 quid
1097 2497 1200 2550 iterum
1218 2497 1286 2562 erit,
1299 2493 1330 2548 ni

151 2566 229 2621 forte
248 2565 395 2620 silentium
412 2573 499 2637 atque
512 2566 639 2622 oblivio?
657 2565 717 2620 Aut
734 2565 856 2620 fortasse
871 2565 982 2636 aliquid
994 2571 1058 2633 erit,
1072 2565 1148 2636 quod
1159 2581 1235 2618 nunc
1248 2579 1330 2618 exco-

177 2633 245 2688 itari
257 2651 293 2688 ne
315 2634 366 2686 uit.

154 2653 176 2706 g
224 2702 263 2756 II.
289 2650 370 2756 liaeo
383 2701 469 2757 ethis
483 2701 589 2756 similia
600 2703 698 2757 nescio
708 2701 783 2756 unde
796 2700 890 2755 animo
903 2700 1099 2756 indesinenter
1109 2701 1259 2755 revolvens
1270 2705 1331 2753 tam

153 2769 260 2824 acerbo
272 2787 397 2824 maerore
410 2769 586 2836 afflictabar,
604 2777 636 2823 ut
649 2769 761 2840 pallens
773 2769 963 2824 tabescerem:
983 2775 1012 2824 et
1029 2769 1105 2890 ‹puod
1122 2768 1330 2841 gravissimum,

154 2838 309 2907 siquando
324 2837 463 2891 eiusmodi
477 2838 701 2892 sollicitudinem
711 2838 802 2892 veluti
811 2839 943 2891 inutilem
954 2839 1033 2908 repel
1047 2855 1093 2892 ere
1103 2855 1227 2906 conarer,
1240 2836 1330 2890 multo

151 2905 351 2960 vehementior
368 2905 448 2960 dolor
459 2905 528 2958 mihi
549 2907 731 2960 consurrexit.
767 2905 802 2960 Id
818 2923 884 2961 vero
901 2923 987 2978 aegre
1005 2906 1145 2973 ferebam,
1163 2911 1264 2977 utpote
1282 2904 1331 2974 qui

152 2991 213 3028 non
226 2990 437 3044 cognoscerem,
451 2973 684 3028 contubernalem
697 2975 791 3028 inesse
807 2974 982 3045 praeclaram
999 2975 1237 3042 sollicitudinem,
1256 2990 1329 3044 quae

153 3041 226 3095 mihi
240 3048 334 3095 certae
348 3041 572 3095 immortalitatis
586 3059 672 3096 eausa
685 3041 781 3096 futura
793 3050 885 3110 esset,
917 3045 1132 3098 uemadmodum
1146 3060 1238 3098 rerum
1251 3042 1330 3097 exitu

155 3109 257 3175 didici,
272 3115 300 3162 et
312 3108 376 3162 Deo
391 3115 556 3163 cunctorum
570 3109 682 3164 domino
696 3111 805 3181 gratias
818 3111 875 3191 egi.
935 3112 1025 3165 tenim
1038 3129 1100 3165 oum
1114 3112 1181 3166 inde
1198 3112 1233 3165 ab
1246 3110 1330 3164 initio

154 3177 296 3248 cogitatio
309 3177 361 3231 illa
372 3194 417 3230 me
433 3182 563 3248 urgeret,
583 3177 619 3230 ad
636 3195 727 3232 rerum
743 3179 958 3248 inquisrtionem
976 3185 1005 3232 et
1022 3179 1216 3233 inventionem
1232 3178 1329 3231 venire

154 3250 274 3299 coactus
288 3261 362 3298 sum:
380 3261 414 3298 ac
433 3250 492 3298 tum
509 3245 627 3299 miseros
643 3245 784 3312 iudicavi,
802 3263 873 3315 quos
891 3246 920 3298 in
935 3245 1076 3315 principio
1089 3248 1125 3300 ob
1139 3245 1329 3316 ignorantiam

156 3311 259 3366 beatos
271 3311 436 3382 praedicare
448 3330 535 3366 ausus
549 3330 617 3365 sum.

222 3379 276 3432 III.
311 3379 413 3449 Itaque
426 3398 490 3434 cum
502 3397 520 3435 a
530 3381 627 3450 pueris
641 3380 671 3434 in
688 3379 863 3434 eiuscemodi
877 3377 1103 3451 cogitationibus
1115 3393 1256 3444 versarer,
1292 3395 1330 3432 uo

153 3446 266 3517 aliquid
278 3447 350 3502 certi
361 3448 552 3516 addiscerem,
566 3447 603 3502 ad
614 3447 847 3519 philosophorum
860 3445 972 3502 scholas
984 3445 1176 3514 ventitabam3
1194 3449 1240 3499 ast
1255 3463 1285 3498 n1
1307 3445 1329 3498 il

206 3671 266 3738 Cap.
280 3671 300 3720 I.
338 3669 362 3735 1)
380 3673 421 3724 Ita
438 3687 523 3736 margo
537 3673 636 3724 Codicis
649 3673 721 3722 Otto·
764 3673 824 3723 tiam
838 3672 984 3723 notavit-
1004 3669 1029 3738 6)
1042 3666 1116 3738 καὶῆ
1130 3671 1235 3723 invertit
1245 3675 1331 3721 noster

152 3739 271 3801 bomani,
304 3735 478 3806 ἀσχολούσης
512 3745 603 3790 textus.
656 3736 722 3789 Item
764 3742 840 3792 Hom.
854 3741 945 3792 Codex.

152 3807 251 3857 Orient.
270 3809 296 3855 et
311 3807 369 3856 Ital.
387 3803 536 3876 (iudom,
559 3808 602 3858 sed
622 3808 721 3857 Monac.
817 3809 875 3875 (lap.
888 3809 922 3859 II.
950 3804 974 3876 l)
991 3809 1031 3859 Ita
1048 3809 1123 3860 etiam
1136 3809 1177 3859 Or.
1190 3807 1247 3858 ital.
1260 3807 1328 3862 Mon.

150 3869 250 3940 ἆσχολ.
273 3899 309 3910 -
332 3871 359 3942 2)
379 3877 455 3925 Hunc
473 3876 538 3926 iiber
558 3875 642 3926 Ottob.
665 3891 721 3924 cum
764 3877 858 3926 Noster
869 3878 945 3926 Hom.
963 3877 1024 3927 Cod.
1038 3871 1156 3944 ἀγαθὴν,
1174 3875 1240 3941 quod
1257 3889 1330 3940 prae·

151 3941 340 4010 Tischendorlii
349 3943 431 3994 tribus
443 3951 573 3994 accentum
585 3943 669 3992 habet.
688 3971 721 3980 -
764 3949 821 3994 stat.
834 3971 870 3980 --
884 3941 913 4011 2)
932 3945 974 3994 Sis
990 3946 1065 3994 etiam
1082 3949 1168 3994 noster
1180 3942 1240 3992 Ood.
1252 3942 1329 3992 Hom.

151 4008 179 4070 Β)
193 4005 228 4060 οὐ
242 4004 275 4059 τὰ
287 4004 356 4061 ὅντα
372 4011 480 4062 coniecit
492 4011 674 4075 Schweglerus.
688 4039 720 4048 -
763 4013 857 4061 rectius
886 4027 961 4076 quam
989 4011 1127 4062 cotelerius
1155 4011 1183 4059 in
1204 4009 1281 4058 Hom.
1305 4011 1331 4057 et

150 4072 180 4138 4)
191 4077 232 4138 Ita
243 4081 349 4143 uterque
360 4079 453 4143 Tisch.‚
471 4073 523 4146 ἆρα
541 4095 611 4130 ποτε
624 4077 652 4140 Ο,
669 4073 721 4148 ἄρα
763 4079 947 4129 Tisohendorfii
959 4079 1036 4129 Codd.
1048 4077 1152 4128 Italicus
1165 4082 1189 4126 et
1200 4076 1269 4124 Mon.
1280 4090 1328 4141 γε·

152 4140 226 4196 πότε
237 4145 307 4196 Mon.
318 4172 354 4182 —
365 4142 393 4214 ὃ)
406 4147 481 4214 Apud
497 4146 581 4198 {lisola
591 4145 668 4196 verba
676 4149 721 4198 καὶ
764 4149 894 4226 νομένην.
929 4145 998 4196 Idem
1017 4163 1047 4196 ex
1064 4147 1107 4195 Or.
1118 4159 1163 4193 suo
1175 4143 1330 4211 γινομένην

149 4207 304 4277 λυθήσεται
329 4213 428 4264 incuria
448 4216 591 4281 typothetae
622 4215 720 4264 excide·
765 4214 852 4264 edrdit.
863 4241 898 4250 -
888 4207 937 4331 112⁹?
950 4214 992 4264 Or.
1006 4217 1031 4264 et
1042 4212 1098 4264 Ital.
1110 4207 1206 4281 ηὐχαρ.

151 4284 220 4330 runt.
241 4281 719 4350 Hocetiamindeapperetquodnul-
815 4282 876 4348 Gap.
930 4319 936 4332 .
973 4277 999 4350 1)
1016 4282 1154 4344 Itamargo
1167 4279 1329 4342 Ottob.‚oum

151 4347 203 4398 lum
214 4347 386 4400 Homiliarnrn
403 4355 447 4400 aut
459 4351 590 4418 Epitomes
603 4348 719 4400 differen·
764 4351 806 4400 Or.
819 4350 876 4399 Ital.
888 4350 986 4400 Monac.
1000 4345 1085 4403 οὐδὲν
1093 4353 1184 4400 textus.
1195 4373 1228 4385 ·-
1239 4344 1268 4414 2)
1281 4343 1329 4399 λό·
