3126 4894
586 313 902 366 memorantium.
1268 301 1328 369 133

225 462 310 516 Xlll.
344 461 461 516 Etenim
473 478 535 514 eum
549 477 603 532 ego
616 461 729 530 quidem
748 462 884 518 dicerem:
909 462 953 517 Tu
969 463 1038 516 mihi
1055 465 1250 520 tantummodo
1261 465 1328 534 Dei,

152 531 235 600 quia
256 530 362 600 paruit,
376 545 520 582 sermones
533 535 591 582 ate
604 529 717 602 auditos
730 546 852 600 expone,
868 535 897 584 et
909 547 963 602 ego
976 530 1103 585 oratione
1115 550 1179 586 mea
1190 549 1239 588 eos
1251 551 1327 588 exor-

150 617 225 652 nans
235 549 297 652 bei
317 597 494 651 voluntatem
511 597 699 666 praedicabo,
712 598 809 666 sieque
821 597 942 668 posthae
955 599 1029 652 intra
1041 617 1146 678 paucos
1160 599 1221 653 dies
1232 607 1327 656 tecum

150 666 314 738 navigabo:
334 681 505 736 magnopere
516 663 591 717 enim
603 665 640 718 ad
650 665 773 718 Iudaeae
785 665 930 736 regionem
938 682 1085 744 pervenire
1096 667 1193 736 cupio,
1205 666 1327 723 fortasse

150 734 242 786 etiam
256 733 404 787 vobiscum
416 749 468 802 per
478 737 568 785 totam
580 732 669 786 vitam
681 732 833 786 habitabo:
852 733 902 786 ille
915 732 960 786 his
973 733 1080 787 auditis
1091 735 1252 805 respondit:
1272 736 1326 803 Tu,

150 801 297 870 siquidem
313 800 411 854 videre
428 805 538 864 nostra,
557 805 587 852 et
599 799 675 880 quod
692 799 807 870 expedit
819 800 863 853 vis
876 801 999 868 discere,
1016 819 1125 856 mecum
1140 803 1237 858 statim
1249 804 1327 858 navi-

149 877 239 940 gato,
258 869 283 920 si
298 868 382 934 nolis,
397 867 480 938 signa
492 867 631 920 domicilii
643 867 700 920 mci
712 873 741 921 et
754 885 870 936 quorum
882 869 1005 922 volueris
1017 869 1072 924 tibi
1085 869 1170 924 hodie
1180 870 1283 938 dicam,
1295 877 1327 926 ut

170 937 268 990 uando
284 935 409 989 volueris
426 935 538 1000 venire,
560 935 643 988 nobis
656 952 801 1002 occurras,
819 952 874 1006 ego
890 936 965 990 enim
979 954 1040 990 cras
1058 937 1096 991 ad
1113 955 1177 991 mea
1193 944 1325 993 revertar.
1393 953 1401 970 ·

149 953 214 1056 lam
227 1021 295 1057 vcro
311 1002 513 1056 inexorabilem
530 1019 593 1056 eum
610 1019 673 1056 esse
692 1001 792 1056 videns
808 1019 898 1072 usque
916 1003 953 1058 ad
964 1009 1077 1074 portum
1095 1005 1178 1058 simul
1197 1024 1247 1076 pro
1302 1025 1326 1060 s·

149 1089 201 1124 sus
215 1089 287 1136 sum,
300 1070 486 1140 acceptisque
499 1069 536 1124 ab
549 1085 582 1124 eo
595 1069 696 1142 signis,
711 1085 782 1139 quae
794 1070 963 1139 promiserat
976 1072 1197 1139 domiciliorum,
1212 1074 1238 1128 ci
1250 1023 1325 1127 illi:

150 1137 183 1192 Si
197 1156 255 1192 non
271 1138 444 1207 repetiturus
462 1154 554 1190 essem
572 1155 635 1192 cras
648 1136 772 1206 aliquid,
809 1137 866 1192 uod
877 1137 946 1191 mihi
959 1139 1092 1206 debetur,
1105 1140 1220 1196 iamiam
1231 1146 1326 1196 tecum

150 1206 321 1277 navigarem
328 1223 340 1272 3·
354 1204 442 1258 eitius
456 1209 552 1258 autem
568 1210 597 1258 te
614 1221 756 1284 assequar.
790 1155 829 1259 ht
845 1204 891 1258 his
910 1203 1012 1274 dictis,
1026 1208 1279 1278 commendatoquc
1293 1226 1326 1264 eo

151 1273 428 1394 nalifflrcmffilus’
440 1288 569 1392 rtevcpsus
583 1289 644 1352 sum
657 1272 757 1394 tristist,
770 1290 875 1327 memor
885 1273 954 1394 potui
968 1275 1158 1396 etdcpptcordis
1171 1276 1263 1354 amici.

149 1425 277 1489 possem,
292 1355 867 1478 111)1111111111133111111111111ῗ111111ῨΪ1ἷι1111(1111ι
889 1359 1120 1476 (pupppltosepapr’n
1127 1359 1326 1478 ridlldcrteollbb

150 1495 161 1528 r
185 1492 215 1528 se
238 1475 268 1528 in
290 1475 424 1528 Iudaeam
441 1475 609 1546 enavigavi,
628 1481 749 1546 postque
770 1475 838 1544 quin
860 1475 934 1529 e'eim
955 1476 1016 1529 dies
1038 1475 1136 1546 adpuli
1173 1479 1326 1532 'cesaream

175 1543 306 1596 matonis.
342 1542 412 1596 Cum
430 1541 459 1594 in
480 1547 583 1595 terram
600 1541 826 1610 descendissem,
848 1541 1003 1612 hospitium
1019 1543 1197 1615 investigans
1218 1545 1324 1612 audivi,

150 1607 642 1730 quenda?n⁰mi⁰,i·pf³tru,ii¹,1'·a,le⁸u
655 1609 761 1731 (sshpisti
774 1609 830 1662 Dei
842 1607 895 1730 111111
903 1648 922 1688 ⁷.
930 1611 979 1731 quli
991 1611 1021 1664 in
1032 1611 1140 1665 Iudaea
1152 1612 1284 1733 :ppplaru'rt
1296 1617 1326 1668 et

151 1695 272 1800 1111ἓηῖ
284 1693 963 1824 tltttrtttttatttl:tataris?
974 1695 1325 1826 ttrbtltttatttt

150 1814 232 1879 bam,
243 1819 277 1866 ut
288 1813 396 1868 mansio
408 1812 470 1866 eius
482 1811 552 1865 mihi
564 1812 751 1880 indicaretur:
764 1819 793 1866 et
806 1813 924 1867 simulac
937 1813 1035 1880 didici,
1048 1821 1161 1884 praesto
1174 1815 1274 1868 adstiti
1287 1814 1324 1868 ad

151 1879 239 1934 fores.
274 1879 315 1934 At
327 1879 371 1934 illi
383 1879 413 1932 in
427 1887 508 1934 domo
522 1879 596 1933 inter
609 1897 639 1934 se
653 1879 849 1946 conferebant,
868 1881 997 1950 quisnam
1016 1899 1121 1949 essem,
1140 1900 1174 1936 ac
1190 1881 1265 1936 unde
1278 1898 1324 1936 ve·

151 1948 252 2003 nirem.
277 1948 315 2001 Et
328 1964 395 2002 ecce
407 1947 554 2002 Barnabas
568 1963 699 2018 egressus
713 1947 811 2002 statim
822 1953 854 2001 ut
866 1948 949 2015 vidit,
963 1949 1128 2019 complexus
1141 1955 1185 2002 est
1198 1966 1243 2003 me
1254 1950 1325 2004 mul-

151 2023 214 2070 tum
225 2017 354 2087 gaudens
367 2033 400 2069 ae
413 2015 579 2080 lacrimans3
596 2015 772 2086 apprehensa
793 2033 828 2070 ue
838 2033 922 2070 manu
931 2033 1004 2083 ntea,
1017 2017 1173 2072 introduxit
1182 2017 1212 2070 in
1221 2018 1323 2085 locum,

150 2083 204 2138 uhi
218 2091 279 2140 erat
290 2084 400 2149 Petrus,
413 2082 539 2152 mihique
552 2083 637 2136 dixit:
656 2083 713 2136 Hie
726 2089 771 2137 cst
807 2091 898 2150 etrus,
908 2094 991 2164 quem
1003 2086 1033 2138 in
1044 2084 1102 2138 Dei
1115 2084 1257 2154 sapientia
1268 2103 1325 2140 ma·

152 2152 261 2206 ximum
276 2151 330 2204 tibi
351 2149 560 2222 significabam,
583 2157 612 2204 et
629 2151 674 2204 cui
692 2151 826 2206 continuo
844 2168 951 2218 omma,
974 2169 1046 2222 quae
1064 2151 1094 2205 in
1115 2158 1144 2207 te
1161 2152 1237 2207 bona
1260 2159 1325 2208 sunt

153 2219 242 2273 simul
260 2237 323 2272 cum
339 2219 484 2288 proposito
501 2217 623 2280 narravi,
641 2225 672 2271 ut
689 2218 751 2290 ipse
769 2223 799 2272 te
815 2219 911 2273 videre
928 2225 1019 2273 aveat.
1055 2217 1191 2292 Magnum
1209 2237 1276 2300 ergo
1298 2220 1325 2275 ei

151 2303 256 2408 ippum
268 2293 298 2340 te
310 2285 440 2406 egenibus
453 2287 523 2340 meis
536 2285 632 2340 offero.
654 2286 736 2350 Quod
748 2303 811 2340 cum
825 2287 954 2354 dixisset,
968 2287 1066 2342 oblato
1080 2303 1124 2340 me
1137 2288 1192 2341 ait:
1211 2287 1268 2342 Hrc
1281 2296 1325 2342 est

194 2371 292 2408 emens
340 2359 407 2408 etre.

223 2393 302 2476 ΧΨ,
322 2421 419 2476 Bonus
431 2427 526 2476 autem
538 2421 588 2474 ille
602 2420 685 2474 simul
698 2437 732 2474 ac
750 2437 855 2474 nomen
865 2421 989 2486 audivit,
1001 2420 1127 2490 prosiliit
1138 2425 1168 2474 et
1179 2422 1325 2476 osculatus

153 2495 209 2556 est,
224 2507 258 2543 ac
271 2489 369 2543 sedere
381 2506 425 2542 me
438 2489 518 2554 fecit,
532 2487 684 2558 statimque
694 2489 779 2540 dixit:
797 2487 888 2540 Recte
898 2487 1006 2554 fecisti,
1018 2504 1186 2556 praeconem
1195 2488 1325 2542 veritatis

152 2557 316 2610 Barnabam
335 2555 365 2610 in
381 2557 440 2610 veri
452 2555 509 2610 Dei
525 2555 660 2610 honorem
678 2554 858 2626 magnanime
869 2553 1011 2624 hospitem
1028 2555 1196 2624 excipiendo
1208 2573 1265 2608 non
1276 2574 1325 2626 pu-

154 2625 237 2691 dens,
250 2641 305 2678 nec
321 2623 429 2677 veritus
441 2624 562 2678 furorem
574 2623 723 2703 imperitae
735 2621 936 2676 multitudinis.
971 2622 1080 2676 Beatus
1092 2621 1156 2676 eris.
1185 2621 1324 2686 Quemad-

152 2693 270 2746 modum
282 2691 357 2746 enim
369 2697 402 2744 tu
413 2709 486 2757 eum,
499 2693 548 2760 qui
560 2691 690 2745 veritatis
703 2691 816 2762 legatus
829 2694 898 2756 erat,
913 2705 977 2744 cum
986 2689 1062 2743 omni
1071 2689 1176 2743 honore
1187 2691 1326 2760 excepisti

153 2759 296 2829 hospitio,
318 2759 381 2829 ipsa
397 2775 508 2828 quoque
525 2765 555 2812 te
571 2759 677 2812 veritas
693 2757 837 2828 hospitem
860 2774 927 2820 suae
944 2757 1021 2812 urbis
1044 2757 1136 2811 civem
1154 2757 1325 2812 constituet:

155 2834 282 2897 tuncque
295 2843 466 2898 magnopere
480 2826 643 2892 laetaberis,
657 2827 723 2895 quia
734 2844 809 2880 nune
821 2843 936 2896 parvam
949 2824 1111 2879 foeneratus
1124 2825 1258 2896 gratiam,
1276 2826 1325 2881 bo·

156 2913 257 2949 norum
270 2911 428 2948 sermonum
441 2893 627 2958 desiderium,
644 2893 780 2947 bonorum
793 2899 970 2948 aeternorum
983 2897 1012 2945 et
1025 2908 1097 2962 quae
1106 2891 1210 2945 auferri
1222 2909 1325 2964 neque·

154 2968 217 3028 unt,
229 2961 331 3016 haeres
342 2961 533 3014 constitueris.
569 2961 630 3016 Nee
643 2977 709 3014 vcro
721 2961 845 3015 moribus
862 2961 920 3014 tuis
937 2959 1007 3012 mihi
1024 2959 1188 3013 enarrandis
1207 2966 1236 3014 te
1249 2961 1325 3016 defa-

155 3031 248 3102 tiges:
266 3047 331 3082 nam
344 3029 447 3094 omnia,
460 3043 532 3098 quae
545 3029 670 3082 attinent
681 3028 719 3081 ad
730 3035 773 3095 te,
786 3027 933 3083 Barnabas
945 3027 1139 3094 annuntiavit,
1152 3027 1201 3098 qui
1213 3029 1326 3082 mentiri

155 3097 265 3162 nescit,
283 3096 342 3150 fere
356 3095 483 3216 ‹puetidie
500 3101 583 3168 grata
595 3095 637 3148 tui
654 3096 799 3150 mentione
817 3097 902 3151 lacta.
937 3095 1033 3174 thue
1046 3095 1110 3162 tibi,
1123 3100 1258 3166 tanquam
1271 3097 1326 3152 sin·

155 3183 221 3220 cero
234 3164 336 3230 amico,
349 3164 359 3216 i
392 3163 468 3234 quod
480 3165 633 3232 quaeritur,
646 3162 727 3216 brevi
741 3163 847 3217 dicam:
866 3163 923 3218 nisi
935 3163 990 3216 tibi
1002 3163 1112 3233 aliquid
1123 3163 1326 3232 impedimento

155 3239 215 3312 est,
234 3233 290 3285 iter
306 3229 454 3286 nobiscum
469 3230 515 3285 fae
532 3249 566 3285 ae
578 3229 719 3301 participa
736 3247 878 3284 sermones
890 3229 1035 3295 veritatis,
1052 3247 1122 3308 qups
1131 3247 1185 3347 per
1195 3231 1326 3308 pingulas

154 3301 291 3420 cffrtates
307 3300 398 3369 ipsam
415 3316 505 3370 usque
520 3297 639 3354 Romam
656 3296 808 3352 habiturus
817 3315 885 3350 sum.
921 3295 967 3348 Tu
978 3313 1058 3362 vcro,
1076 3312 1130 3349 sra
1154 3297 1223 3364 quid
1235 3298 1325 3366 cupis,

155 3385 171 3422 e
196 3385 253 3420 arc.

222 3433 304 3490 XVI.
338 3433 376 3486 a:
388 3450 443 3504 ego
455 3434 581 3504 exposui,
594 3434 669 3504 quod
681 3433 717 3488 ab
730 3429 813 3486 initio
824 3427 1000 3508 propositum
1012 3426 1173 3494 habuerim,
1187 3433 1217 3481 et
1230 3444 1325 3496 quem·

153 3502 309 3556 admodum
321 3501 537 3580 quaestionibus
550 3499 800 3572 inexplicabilibus
809 3497 910 3551 fuerim
920 3493 1084 3574 exhaustus,
1098 3499 1127 3547 et
1140 3511 1325 3565 quaecunque

154 3570 211 3624 tihi
223 3569 364 3640 principio
386 3574 472 3622 antea
488 3566 664 3640 significavi,
686 3573 717 3620 ut
739 3583 774 3620 ne
799 3565 898 3619 eadem
919 3567 1022 3616 lterum
1043 3561 1143 3616 dream.
1178 3561 1325 3634 Respondi

153 3644 263 3692 autem:
283 3635 404 3690 Paratus
422 3635 537 3706 quidem
557 3653 618 3688 sum
635 3641 730 3689 tecum
750 3631 908 3704 proficisci,
934 3631 964 3684 id
980 3627 1055 3700 quod
1071 3629 1173 3685 nescio
1187 3631 1326 3702 quomodo

210 3829 270 3894 Cap.
282 3829 356 3878 XIII,
382 3822 410 3892 1)
421 3823 476 3894 μὲν
488 3841 536 3876 orn.
551 3826 579 3876 0.
592 3852 627 3860 —
638 3820 666 3890 2)
680 3823 722 3873 Sic
765 3821 836 3874 θεοῦ
846 3839 872 3890 p.
884 3816 1071 3890 dvdpbcHom.
1083 3821 1104 3884 1,
1119 3817 1159 3871 15.
1173 3850 1206 3857 -
1217 3818 1245 3902 2)
1258 3826 1325 3872 θεα-

156 3895 340 3946 Tischendorfii
364 3893 419 3943 cod.
445 3894 497 3955 Or,
522 3891 567 3942 uhi
589 3891 676 3941 notula
695 3891 723 3940 in
766 3886 881 3958 σάμενοι
896 3888 927 3940 di·
940 3889 968 3939 οἱ
978 3889 1054 3940 Hom.
1067 3889 1088 3952 I,
1102 3884 1141 3936 15.
1156 3893 1324 3954 θεασαμενοι

156 3963 283 4028 margine:
305 3981 348 4031 pp.
370 3955 433 4026 βιόν
453 3960 530 4011 (lodd.
552 3959 598 4009 OV
618 3954 682 4026 βιὸν
702 3974 723 4007 c.
767 3957 993 4026 teprotnpitm.
1006 3952 1046 4006 14.
1059 3951 1324 4012 -Blastiom.0.-

156 4037 264 4096 utroque
285 4030 454 4080 homiliarum
471 4028 569 4079 Codice.
585 4053 619 4063 —
634 4024 660 4086 3)
681 4027 723 4078 Or.
766 4021 783 4074 4
818 4026 857 4074 lta
881 4025 946 4075 OV.
978 4049 1010 4058 —
1044 4017 1072 4087 5)
1096 4019 1214 4088 ἔξέφανα
1237 4021 1268 4070 V.
1292 4046 1326 4054 -

157 4093 350 4166 πορεύσωμαι.
382 4124 416 4132 -
445 4093 473 4162 4)
503 4114 530 4146 τι
558 4111 606 4144 cm.
632 4095 663 4146 V.
689 4119 723 4130 —
766 4091 783 4141 6
810 4091 887 4145 ἔστιν
901 4093 932 4142 V.

156 4162 186 4234 5)
200 4167 276 4216 Voce.
291 4161 364 4230 πλὴν
375 4159 472 4232 τάχιόν
485 4175 516 4215 σε
527 4157 724 4232 καταλήψομαι
1075 4219 1087 4230 ‚
1274 4214 1286 4234 υ

157 4233 332 4285 desuntinV.
464 4247 467 4253 ·
817 4225 877 4290 Cap.
891 4224 949 4273 XV.
985 4217 1011 4286 1)
1036 4237 1086 4270 roo
1107 4219 1136 4270 Ο.
1157 4245 1191 4255 -
1211 4213 1239 4286 2)
1253 4237 1326 4272 ουτω

208 4303 269 4366 Cap.
290 4302 361 4351 XIV.
401 4295 429 4359 1)
453 4297 526 4347 Pium
550 4295 723 4375 epitomatoris
765 4293 842 4344 Hom.
855 4291 877 4354 I,
891 4287 931 4340 16.
943 4288 1013 4355 Epit.
1026 4303 1047 4336 e.
1061 4282 1102 4336 lo.

156 4369 282 4431 glossema
293 4374 332 4419 cst
346 4363 442 4432 Ἰησοῦ
455 4371 582 4435 Xprercv
597 4363 660 4415 υἱοῦ
672 4360 722 4414 τοῦ
818 4359 878 4424 Gap.
899 4356 970 4408 XVI.
1010 4350 1037 4423 l)
1062 4351 1159 4422 ἔλεγον
1181 4353 1213 4406 δὲ
1234 4354 1328 4420 absque
