3126 4894
248 327 307 392 148
420 413 424 421 Ι
716 339 943 410 οηυυεκυικι

245 495 393 599 ἀμοιβης,
399 487 540 557 οὕτω
494 518 541 556 και
562 489 578 555 6
603 490 716 558 ἐλεῶν
702 491 758 556 υπὸ
777 495 826 574 τίς
844 493 998 574 συμφοράς.
1020 489 1124 573 πλέμ’
1108 489 1218 595 εγγλιςο
1208 486 1417 571 ἐ’λεῆμων”
1376 515 1417 568 τῳ

244 578 452 684 φιλανθρώπῳ,
471 575 514 641 ότι
533 575 600 642 ἀνευ
619 582 668 642 406
687 601 713 640 τι
732 581 885 679 θηρᾶσθαι
905 576 1045 682 λαβεῖν’
1019 585 1166 656 ευεργετεῖν
1185 576 1325 638 πείθεται.
1344 549 1417 656 πλλίυ

244 663 324 728 οόοω
338 661 572 768 0466464044464’
556 687 638 726 εστιν.
653 661 729 746 κάγῶ
745 660 825 765 ἔφην’
840 657 884 724 ἐπὶ
896 661 990 732 ποιάις
1004 658 1051 762 064
1062 658 1196 738 πράξεσιν
1211 657 1418 741 φιλάνθρωπος

181 775 184 784 ·
244 749 320 813 ε’λναι
329 773 370 820 τις
384 747 514 820 66404444;
534 743 581 810 καί
596 745 612 809 ό
630 748 740 825 Πέτρος
758 747 937 826 ἀπεκρίνατο·
959 741 1016 808 ἐπεὶ
1032 742 1090 824 ὁρῶ
1109 768 1141 806 σε
1164 743 1354 848 γλιχόμεγον’
1335 747 1417 806 ακοῦ-

244 859 305 907 σαι,
324 833 355 896 τί
370 833 442 896 ποτέ
459 833 531 894 ἐστιν
549 832 801 913 φιλανθρωπάις”
786 857 895 934 εργου,
896 829 946 893 οὐκ
963 827 1080 934 ὀκνήσω
1091 829 1185 910 λέγειν.
1209 825 1417 911 φιλάνθρωπός

244 920 317 982 ἐστιν
338 915 355 978 6
374 912 420 978 καῖ
439 915 563 1021 ἐχθροὺς
577 915 732 997 εὐεργετῶν.
750 914 793 980 ὅτι
811 913 840 978 66
861 911 950 986 οὕτως
970 915 1035 995 ἔχει,
1060 911 1188 978 6404004.
1207 914 1419 1022 04644464444444'44

244 998 318 1065 ἐστίν
334 994 563 1104 ἀρρευόθηλυς,
547 1026 579 1082 ης
593 1001 625 1062 τὸ
636 1005 716 1104 θῆλυ
729 1001 812 1102 μέρος
826 998 988 1104 474444004'44
1002 1000 1123 1102 λέγεται,
1138 998 1171 1060 τὸ
1186 995 1250 1060 δέ”
1230 1003 1315 1098 αρ’ῥευ
1330 996 1419 1077 αάτης

245 1085 341 1167 ἀγάπη
361 1083 377 1164 ὴ
396 1083 467 1166 πρὸς
486 1085 534 1148 τὸν
557 1084 711 1166 πλησίὀυ
691 1083 865 1164 ωνόμασται,
887 1084 1001 1164 πλησίον
1021 1081 1050 1146 66
1070 1081 1220 1189 ἀγθρῶπῳ
1236 1078 1310 1146 ἐστὶν
1324 1079 1341 1143 6
1357 1085 1418 1152 4464

245 1169 415 1273 6464044404,
439 1168 488 1248 οὐχ
503 1166 546 1232 ὅτι
565 1167 604 1241 εἷς
619 1167 810 1270 άνθρωποςέ
831 1128 987 1276 646446404
1008 1167 1061 1250 γάρ
1082 1170 1154 1231 ἐστιν
1174 1162 1220 1229 καῖ
1235 1163 1251 1230 ὁ
1267 1165 1354 1237 κακός
1369 1161 1417 1228 καί

243 1253 403 1336 όάγαθὸς,
424 1249 472 1316 καὶ
486 1250 502 1315 6
517 1254 621 1356 ἐχθρὸς
636 1248 682 1315 καὶ
697 1277 713 1314 ο
703 1250 818 1335 (φιλος.
838 1252 889 1356 γρη
909 1251 956 1316 064
974 1252 1023 1315 τὸν
1038 1249 1289 1355 φιλανθρωπιάν’
1273 1255 1419 1314 ασκοῦντα

243 1338 358 1420 μιμητὴν
379 1339 448 1401 εῖναι
470 1342 541 1401 6406
558 1337 765 1440 εὐεργετοῦντα
773 1337 893 1439 δικαίους
915 1333 961 1440 4046
986 1334 1154 1407 ἀδύτους,
1134 1362 1174 1436 ως
1198 1335 1284 1406 αὐτὸς
1304 1332 1321 1397 6
1344 1335 1418 1405 6464

244 1427 329 1487 πᾶσιν
351 1424 379 1487 ἐν
399 1427 437 1501 46
454 1425 502 1484 464
521 1421 615 1526 νγόσμφ
634 1420 682 1485 τόν
704 1447 734 1484 τε
748 1419 821 1503 ίγλων
837 1417 882 1484 καί
897 1421 961 1492 4064
975 1419 1070 1491 ὑετοὺς
1085 1419 1171 1484 06406
1185 1421 1323 1518 παρέχων.
1345 1445 1368 1482 44
1366 1417 1417 1481 ’66

244 1508 338 1579 θελεις
358 1483 489 1612 ἀγαθοὺς
506 1503 554 1586 μέν
573 1507 733 1612 εὐεργετεῖν,
755 1503 859 1578 κακοὺς
878 1501 907 1568 δὲ
925 1505 1063 1586 μηκέτι,γ
1046 1532 1056 1566 ν
1050 1503 1211 1579 ”κολάζειν,
1226 1505 1319 1585 κριτοῦ
1335 1503 1416 1585 ἔργον

244 1593 384 1672 ἐπιχειρεῖς
399 1590 539 1670 πράττειν,
555 1591 588 1653 06
603 1593 636 1652 46
652 1595 701 1672 464
715 1591 932 1695 φιλανθρωπίας
946 1589 1141 1662 σπουδάζεις”
1125 1613 1203 1669 εχειν.

327 1674 424 1734 XCV.
462 1673 584 1756 K646''
568 1689 647 1756 εφην
669 1673 727 1756 ἀρά
741 1699 770 1756 γε
784 1671 831 1737 καλ
845 1673 861 1735 6
876 1675 947 1746 6464
960 1673 1110 1754 μελλων’
1079 1698 1142 1738 τοτε
1156 1673 1266 1753 κρίνειν,
1282 1670 1323 1744 ῶς
1337 1672 1412 1738 διδά-

243 1785 315 1830 σκεις
329 1757 416 1840 ἡμᾶς,
439 1757 472 1820 06
491 1758 733 1862 φιλάνθρωγτός’
717 1783 804 1830 εστινς
825 1755 872 1821 καί.
890 1784 907 1820 ο
897 1755 1050 1840 ’Πέτρος
1071 1757 1231 1860 406404444'04
1246 1757 1372 1860 λέγεις.
1355 1755 1417 1823 επεῖ

245 1843 298 1926 γάρ
313 1843 405 1924 κρίνει,
426 1841 472 1904 διὰ
490 1845 573 1906 τοῦτο
587 1842 820 1946 φιλάγθρωπός’
805 1868 885 1907 εστιν.
907 1846 994 1926 φιλῶν
1013 1841 1067 1946 γάρ
1087 1868 1134 1905 και
1126 1838 1232 1905 ἐλεῶν
1246 1843 1311 1914 4064
1323 1843 1415 1947 6664-

241 1929 347 2008 μένους,
361 1936 476 2029 τιμωρεῖ
486 1926 549 1997 τοὺς
562 1925 732 2007 ἠδικηκότας.
752 1926 829 2032 κάγὼ
844 1927 925 2009 ἔφην·
944 1927 993 1990 οὐκ
1008 1921 1067 2001 064,
1088 1928 1116 1990 εἰ
1126 1925 1204 2009 κάγὼ
1220 1927 1352 2026 ἀγαθοὺς
1367 1952 1419 2032 4444

242 2011 383 2092 εὐεργετῶ,
398 2011 461 2081 τοὺς
453 2008 505 2072 66
521 2008 697 2114 ἀδικοῦντας,
718 2011 789 2074 καθ’
804 2009 1006 2123 66464644044
1020 2011 1166 2116 ἠδίκησαν,
1182 2015 1304 2091 τιμωρῶ,
1320 2011 1418 2094 φιλάν-

243 2093 362 2196 θρωπός
378 2096 440 2174 είμι
460 2090 506 2156 καὶ
522 2092 538 2156 6
553 2095 695 2176 Πέτρος’
679 2097 860 2199 ἀπεκρίνατο
881 2097 909 2158 44’
903 2095 993 2202 μετά
1013 2097 1062 2159 τοῦ
1080 2094 1235 2198 πρόγνωσιν
1257 2095 1326 2175 ἔχειν
1345 2097 1418 2177 εἶχες

242 2175 289 2242 4446
304 2181 354 2241 406
369 2179 466 2260 κρίνειν
480 2179 617 2254 ἐξουσίαν,
632 2180 757 2283 ὀρθῶς
745 2177 781 2241 άν
797 2183 879 2242 τοῦτο
894 2181 1006 2254 ἐποιεις,
1022 2178 1113 2243 6464
1081 2206 1130 2259 μεν
1145 2204 1195 2242 του
1182 2180 1394 2260 ειληφευαι
1365 2206 1418 2262 την

242 2263 370 2337 ἐξουσίαν
395 2261 603 2370 καταδικάζωγ,
628 2262 676 2333 064
697 2262 713 2326 6
733 2263 805 2367 6464
824 2263 1043 2346 ἐδημιούργησεν,
1068 2263 1114 2326 διά
1136 2261 1213 2325 66
1186 2289 1235 2344 την
1257 2263 1418 2370 πρόγνωσιν

242 2348 406 2418 ἄπταιστος
428 2349 456 2410 ἐν
476 2350 516 2425 τῷ
535 2348 631 2426 κρίνειν
646 2345 694 2418 064
712 2345 761 2428 μὲν
784 2345 823 2418 64
845 2350 966 2419 δικαίους
985 2351 1108 2421 δικαιῶν,
1128 2345 1177 2420 064
1198 2293 1265 2410 66
1246 2374 1285 2419 ως
1301 2349 1418 2420 ἀδίκους

242 2430 444 2505 καταδικάζωυ.
459 2429 536 2513 κάγὼ
551 2431 631 2512 ἐφην
651 2432 779 2512 ὀρθῶς
763 2457 830 2538 4044
844 2459 891 2495 και
884 2429 1033 2514 ἀληθῶς,
1050 2431 1239 2536 666404404'
1202 2458 1256 2537 γαρ
1271 2457 1335 2496 τινα
1350 2432 1418 2540 πρό

242 2541 340 2598 γνωσιν
359 2515 410 2621 οὐκ
430 2517 529 2595 ἔχοντα
548 2514 645 2595 ὀρθῶς
663 2525 762 2596 κρῖναι.
785 2517 871 2579 ἐνιοτε
892 2517 946 2599 γὰρ
964 2517 1118 2621 φαίνονταί
1131 2542 1202 2588 τινες
1217 2513 1329 2598 ἀγαθοὶ
1345 2518 1418 2581 ἀθέ-

240 2624 307 2678 μιτα
326 2597 423 2703 κρόφα
440 2599 681 2703 διαπραττόμενοι,
695 2601 801 2664 ἐνίοτε1
824 2599 853 2663 δὲ
868 2601 978 2682 ἀγαθοι
991 2625 1046 2703 4440
1062 2604 1191 2683 διαβολῆς
1205 2602 1318 2683 ἐχθρῶν
1334 2597 1418 2666 κακοὶ

240 2680 508 2788 ἀπολαμβανόμενοι.
529 2684 591 2747 αλλ’
611 2686 646 2810 εἰ3
654 2681 701 2747 καὶ
719 2711 769 2748 του
756 2687 944 2790 βασανίζειν
963 2682 1011 2748 4446
1030 2685 1187 2790 ἀνακρίνειν
1207 2687 1337 2792 ἐξογσιαν
1357 2689 1419 2758 τις2

242 2765 312 2870 ἐγων
327 2766 441 2840 δικάζει,
462 2764 572 2829 οέδέ“
540 2771 646 2839 ουτως3
662 2770 696 2832 τὸ
709 2768 824 2841 πάντως
843 2770 954 2841 δικαιως
973 2769 1049 2848 αὐτῷ
1069 2767 1237 2832 δικάσαι*
1221 2771 1336 2852 εγίνετο.
1351 2773 1418 2834 64404

241 2850 296 2950 γὰρ
312 2860 414 2955 φονεῖς
416 2847 502 2925 ὄντες,
517 2851 570 2923 τάς
581 2851 747 2932 βασάνους
736 2855 940 2958 44404444'4044444,
955 2851 994 2925 ῶς
1005 2853 1101 2932 ἀθῷοι
1115 2852 1347 2934 ἀπελύθησαν,
1328 2881 1419 2936 ετεροι

242 2929 271 2994 66
286 2931 414 3010 ἀθῶοι
397 2959 484 3020 οντες,
499 2935 552 3006 τάς
566 2935 749 3016 βασάνους
717 2963 755 3017 μη
769 2934 975 3016 ὑπομείναντες,
989 2939 1096 3001 ἑαυτῶν
1111 2939 1364 3021 καταψευσάμενοι
1378 2938 1418 3012 ῶς

242 3011 324 3077 αίτιοι
337 3007 480 3095 ἐκολάσθη
482 3043 544 3080 σαν.

324 3097 437 3158 XCVI.
472 3053 571 3162 IK446'
558 3126 574 3163 0
591 3103 700 3182 Πέτρος
714 3105 816 3185 λε”Ῑγει
834 3107 950 3186 μετρίως
970 3107 1024 3186 ἔχει
1042 3103 1209 3182 καὶταῦτα,
1225 3106 1258 3170 τὸ
1274 3105 1305 3169 66
1318 3110 1417 3213 μεῖζογ

240 3181 466 3286 ἀκουσομένων
486 3183 683 3288 ἀνθρώπων
666 3189 886 3293 αμαρτανόντων
905 3187 922 3270 ἢ
943 3189 1169 3298 εόπραττόντων,
1189 3185 1231 3298 64
1249 3197 1377 3256 ποιοῦσιν
1394 3191 1414 3257 6

239 3262 289 3347 μὲν
308 3263 365 3330 ίδια
385 3267 477 3330 αὐτῶν
497 3265 582 3344 ἐστίν,
605 3265 624 3332 6
646 3269 675 3334 66
694 3270 839 3378 ἀλλότρια·
862 3275 966 3336 δίκαιον
986 3273 1055 3337 δέ
1038 3299 1155 3337 εκαστον
1181 3272 1226 3339 4’446
1253 3285 1314 3347 τοῖς
1337 3278 1418 3350 4'64'044

240 3349 419 3432 ἁμαρτήμασι
443 3357 668 3433 τιμωρεῖσθαι,
659 3351 675 3435 ἡ
698 3351 742 3417 ἐπὶ
767 3366 826 3428 τοῖς
849 3357 926 3428 ίδίοις
952 3357 1173 3438 κατορθώμασιν
1188 3359 1416 3465 464444444'06444

239 3433 379 3496 ἀδύνατον
393 3437 427 3497 δέ
441 3460 504 3510 τινι,
523 3437 594 3518 πλὴν
613 3462 743 3542 προφητη
758 3438 834 3519 μόνῳ
853 3442 1005 3545 πρόγγωσιν
1020 3441 1107 3547 ἐγοντι
1126 3441 1164 3505 τά
1182 3441 1239 3506 6446
1254 3467 1331 3516 τινος
1345 3445 1417 3550 γινόν

238 3541 308 3595 μενα
322 3519 435 3592 εἰδέναι,
454 3519 524 3581 ποῖά
542 3520 613 3624 4’0444
629 3522 714 3584 αὐτου
702 3519 798 3598 ίδια,
821 3533 890 3585 ποῖα
905 3522 934 3587 66
949 3525 999 3588 οὐκ
1014 3527 1076 3588 είσί
1093 3524 1190 3589 πάντα
1205 3527 1259 3630 γάρ
1274 3527 1307 3590 δι’
1327 3530 1417 3592 αὐτοῦ

239 3599 364 3680 γινόμενα
382 3602 520 3680 βλιπεται.
539 3603 617 3708 κάγὼ
637 3606 715 3708 ἔφην
736 3605 884 3710 ἐβουλόμην
901 3619 1020 3709 μαθεῖν,
1040 3613 1103 3681 πῶς
1121 3613 1177 3672 τῶν
1195 3611 1416 3727 ἀδικημάτωνῆ

238 3683 512 3761 κατορθωμάτων
492 3713 513 3747 α
532 3685 581 3765 μέν
600 3685 712 3762 ίδια,ά
735 3687 765 3750 66
786 3690 926 3769 ἀλλότρια.
948 3687 995 3754 καὶ
1014 3690 1030 3755 6
1051 3692 1163 3796 Πέτρος
1186 3715 1375 3798 ατγεκρινατο·
1399 3723 1416 3759 ο

238 3762 327 3840 κύριος
345 3762 420 3869 ἡμῶγ
438 3767 542 3844 Ἰησοῦς
560 3769 717 3873 Χριστὸς
704 3796 720 3832 ο
740 3773 798 3844 υίὸς
819 3778 869 3877 τοῦ
886 3775 996 3836 θεοῦ”
980 3791 1044 3857 εφη
1064 3776 1101 3838 τά
1112 3777 1226 3880 ἀγαθὰ
1247 3781 1344 3844 ἐλθεῖν
1360 3788 1415 3844 δεῖ·

237 3845 372 3949 μακάριιγς
386 3847 429 3922 δὲ,
450 3848 530 3930 φησὶ,
547 3852 577 3914 δι’
595 3847 628 3915 06
644 3854 759 3933 ἔρχεται.
778 3855 880 3934 ὁμοίως
894 3854 992 3922 καὶτὰ
1008 3858 1083 3922 κακά
1077 3860 1208 3966 ἀνάγκη
1222 3865 1332 3926 ἐλθεῖν·
1349 3863 1416 3929 0606

238 3925 266 3990 66
281 3932 320 4007 τῶ
334 3929 495 4036 ἀνθρώπῳ,
517 3934 549 3996 δι’
565 3930 597 3998 06
611 3937 742 4016 6406ss
761 3965 784 4000 44
781 3938 829 4001 '66
844 3940 889 4002 διὰ
905 3946 999 4005 κακῶν
1014 3943 1089 4007 κακά
1105 3945 1215 4050 ἐργεται
1229 3973 1278 4009 και
1269 3943 1363 4010 δι”
1345 3975 1384 4030 αγ
1386 3975 1416 4012 α-

237 4015 303 4114 6464
324 4010 428 4093 ἀγαθὰ
445 4017 568 4122 φέρεται,
587 4029 731 4094 προσεῖναι
751 4024 824 4084 044¹
810 4022 940 4103 εκάστορ3
958 4025 992 4090 τὸ
1015 4022 1096 4102 ἴδιον,
1119 4029 1152 4092 τὸ
1173 4027 1291 4111 ἀγαθον
1305 4031 1415 4096 εἶναι
1398 4061 1416 4116 4

237 4093 338 4166 κακὸν,
364 4097 415 4170 ἐξ4
436 4123 475 4159 ων
493 4101 679 4178 προέπραξεν,
699 4103 745 4166 διά
765 4129 814 4167 του
801 4091 979 4212 ἐλθεῖν
947 4134 985 4172 τα
1005 4109 1119 4192 δεύτερα
1135 4112 1272 4218 ἀγαθά
1256 4142 1274 4197 η
1289 4117 1416 4193 κακά,α

237 4196 299 4236 τινα
321 4173 376 4238 ίδια
398 4179 483 4242 αὐτοῦ
488 4185 551 4288 τῆς
571 4184 700 4262 αἱρέσεως
719 4186 789 4249 όντα
807 4185 861 4251 ίιττὸ
881 4195 929 4272 τῆς
950 4195 1000 4255 406
1018 4200 1089 4258 6406
1111 4198 1247 4278 προνοίας
1269 4205 1417 4265 διελθεῖν5

238 4253 417 4358 ᾠκθξόμγται.
437 4257 495 4322 ἐπεὶ
514 4262 581 4326 0646
598 4267 683 4342 κρίσις
703 4264 772 4350 αὕτη
792 4273 910 4350 θεῷ,
886 4299 981 4374 ωσπερ
999 4275 1041 4339 ἐπ’
1063 4279 1174 4361 ἀγῶνος
1188 4281 1238 4344 τὸν
1253 4281 1300 4346 διά
1316 4284 1416 4368 πάσης

238 4341 387 4414 κακουχίας
409 4344 607 4420 διθ’ῑθλυθόντα
632 4346 678 4410 καὶ
703 4351 847 4430 άμεμπτον
875 4355 1084 4438 εὑρεθεῖιτα,’
1068 4372 1171 4428 εκεῖνον
1195 4367 1269 4445 ζωῆς
1296 4369 1417 4434 αἰωνίου
