<?xml version="1.0" encoding="UTF-8"?>
<!DOCTYPE html PUBLIC "-//W3C//DTD XHTML 1.0 Transitional//EN"
    "http://www.w3.org/TR/xhtml1/DTD/xhtml1-transitional.dtd">
<html xmlns="http://www.w3.org/1999/xhtml" xml:lang="en" lang="en">
 <head>
  <title>
</title>
<meta http-equiv="Content-Type" content="text/html;charset=utf-8" />
  <meta name='ocr-system' content='tesseract 3.04.00' />
  <meta name='ocr-capabilities' content='ocr_page ocr_carea ocr_par ocr_line ocrx_word'/>
</head>
<body>
  <div class='ocr_page' id='page_1' title='image "./clementinorumep00dresgoog_0244.png"; bbox 0 0 3126 4894; ppageno 0'>
   <div class='ocr_carea' id='block_1_1' title="bbox 480 347 1307 410">
    <p class='ocr_par' dir='ltr' id='par_1_1' title="bbox 480 347 1307 410">
     <span class='ocr_line' id='line_1_1' title="bbox 480 347 1307 410; baseline 0.002 -2"><span class='ocrx_word' id='word_1_1' title='bbox 480 395 488 408; x_wconf 91' lang='lat'>.</span> <span class='ocrx_word' id='word_1_2' title='bbox 566 359 720 409; x_wconf 79' lang='lat' dir='ltr'>eruens</span> <span class='ocrx_word' id='word_1_3' title='bbox 738 360 882 410; x_wconf 77' lang='lat' dir='ltr'>nnrnnn.</span> <span class='ocrx_word' id='word_1_4' title='bbox 1243 347 1307 410; x_wconf 75' lang='lat'>225</span> 
     </span>
    </p>
   </div>
   <div class='ocr_carea' id='block_1_2' title="bbox 132 503 1307 644">
    <p class='ocr_par' dir='ltr' id='par_1_2' title="bbox 132 503 1307 644">
     <span class='ocr_line' id='line_1_2' title="bbox 132 503 1307 575; baseline 0.002 -14"><span class='ocrx_word' id='word_1_5' title='bbox 132 507 243 561; x_wconf 79' lang='lat' dir='ltr'>factum</span> <span class='ocrx_word' id='word_1_6' title='bbox 257 510 302 560; x_wconf 89' lang='lat' dir='ltr'>est</span> <span class='ocrx_word' id='word_1_7' title='bbox 319 511 351 558; x_wconf 91' lang='lat' dir='ltr'>ut</span> <span class='ocrx_word' id='word_1_8' title='bbox 364 503 519 559; x_wconf 77' lang='lat' dir='ltr'>sisinnium</span> <span class='ocrx_word' id='word_1_9' title='bbox 531 505 713 575; x_wconf 84' lang='lat' dir='ltr'>Imperatoris</span> <span class='ocrx_word' id='word_1_10' title='bbox 726 506 836 562; x_wconf 86' lang='lat' dir='ltr'>Nervae</span> <span class='ocrx_word' id='word_1_11' title='bbox 854 507 974 561; x_wconf 90' lang='lat' dir='ltr'>amicum</span> <span class='ocrx_word' id='word_1_12' title='bbox 991 525 1048 561; x_wconf 90' lang='lat' dir='ltr'>non</span> <span class='ocrx_word' id='word_1_13' title='bbox 1063 508 1190 562; x_wconf 78' lang='lat' dir='ltr'>timuerit</span> <span class='ocrx_word' id='word_1_14' title='bbox 1201 508 1307 563; x_wconf 87' lang='lat' dir='ltr'>beatis·</span> 
     </span>
     <span class='ocr_line' id='line_1_3' title="bbox 132 571 790 644; baseline 0 -18"><span class='ocrx_word' id='word_1_15' title='bbox 132 575 223 628; x_wconf 88' lang='lat' dir='ltr'>simus</span> <span class='ocrx_word' id='word_1_16' title='bbox 237 572 371 628; x_wconf 76' lang='lat' dir='ltr'>Clemens</span> <span class='ocrx_word' id='word_1_17' title='bbox 384 572 462 626; x_wconf 89' lang='lat' dir='ltr'>sedis</span> <span class='ocrx_word' id='word_1_18' title='bbox 474 571 618 626; x_wconf 83' lang='lat' dir='ltr'>Romanae</span> <span class='ocrx_word' id='word_1_19' title='bbox 632 573 790 644; x_wconf 85' lang='lat' dir='ltr'>episcopus.</span> 
     </span>
    </p>
   </div>
   <div class='ocr_carea' id='block_1_3' title="bbox 131 689 1308 1240">
    <p class='ocr_par' dir='ltr' id='par_1_3' title="bbox 131 689 1308 1240">
     <span class='ocr_line' id='line_1_4' title="bbox 202 689 1308 770; baseline 0.003 -26"><span class='ocrx_word' id='word_1_20' title='bbox 202 689 317 745; x_wconf 82' lang='lat' dir='ltr'>CLXV.</span> <span class='ocrx_word' id='word_1_21' title='bbox 352 689 454 770; x_wconf 78' lang='lat' dir='ltr'>Itnue</span> <span class='ocrx_word' id='word_1_22' title='bbox 467 689 642 770; x_wconf 40' lang='lat' dir='ltr'>cumipsius·</span> <span class='ocrx_word' id='word_1_23' title='bbox 656 691 784 746; x_wconf 87' lang='lat' dir='ltr'>doctrina</span> <span class='ocrx_word' id='word_1_24' title='bbox 798 690 916 746; x_wconf 86' lang='lat' dir='ltr'>Sisinnii</span> <span class='ocrx_word' id='word_1_25' title='bbox 927 709 997 746; x_wconf 86' lang='lat' dir='ltr'>uror</span> <span class='ocrx_word' id='word_1_26' title='bbox 1009 691 1159 746; x_wconf 85' lang='lat' dir='ltr'>Theodora</span> <span class='ocrx_word' id='word_1_27' title='bbox 1172 709 1308 748; x_wconf 80' lang='lat' dir='ltr'>converse</span> 
     </span>
     <span class='ocr_line' id='line_1_5' title="bbox 132 757 1307 880; baseline 0.002 -68"><span class='ocrx_word' id='word_1_28' title='bbox 132 759 264 838; x_wconf 75' lang='lat' dir='ltr'>sedulum</span> <span class='ocrx_word' id='word_1_29' title='bbox 274 758 338 838; x_wconf 81' lang='lat' dir='ltr'>Deo</span> <span class='ocrx_word' id='word_1_30' title='bbox 348 757 412 811; x_wconf 82' lang='lat' dir='ltr'>exhi</span> <span class='ocrx_word' id='word_1_31' title='bbox 435 763 495 812; x_wconf 90' lang='lat' dir='ltr'>eret</span> <span class='ocrx_word' id='word_1_32' title='bbox 503 763 700 826; x_wconf 85' lang='lat' dir='ltr'>mrnrsterrum,</span> <span class='ocrx_word' id='word_1_33' title='bbox 716 759 933 880; x_wconf 50' lang='lat' dir='ltr'>samuelotyssia</span> <span class='ocrx_word' id='word_1_34' title='bbox 949 760 1052 838; x_wconf 81' lang='lat' dir='ltr'>ductus</span> <span class='ocrx_word' id='word_1_35' title='bbox 1064 759 1182 840; x_wconf 77' lang='lat' dir='ltr'>maritus</span> <span class='ocrx_word' id='word_1_36' title='bbox 1196 760 1307 840; x_wconf 83' lang='lat' dir='ltr'>laqueis</span> 
     </span>
     <span class='ocr_line' id='line_1_6' title="bbox 132 825 1306 906; baseline 0.004 -27"><span class='ocrx_word' id='word_1_37' title='bbox 132 827 278 906; x_wconf 66' lang='lat' dir='ltr'>involvere</span> <span class='ocrx_word' id='word_1_38' title='bbox 291 825 438 904; x_wconf 78' lang='lat' dir='ltr'>nitebatur</span> <span class='ocrx_word' id='word_1_39' title='bbox 450 825 607 905; x_wconf 35' lang='lat' dir='ltr'>‘abeuntem</span> <span class='ocrx_word' id='word_1_40' title='bbox 624 825 661 905; x_wconf 74' lang='lat' dir='ltr'>cd</span> <span class='ocrx_word' id='word_1_41' title='bbox 680 827 840 906; x_wconf 63' lang='lat' dir='ltr'>ecclesqam.</span> <span class='ocrx_word' id='word_1_42' title='bbox 861 893 866 906; x_wconf 93' lang='lat'>.</span> <span class='ocrx_word' id='word_1_43' title='bbox 900 832 913 880; x_wconf 91' lang='lat' dir='ltr'>t</span> <span class='ocrx_word' id='word_1_44' title='bbox 929 829 1045 906; x_wconf 77' lang='lat' dir='ltr'>qurdcm</span> <span class='ocrx_word' id='word_1_45' title='bbox 1062 827 1113 881; x_wconf 79' lang='lat' dir='ltr'>illa</span> <span class='ocrx_word' id='word_1_46' title='bbox 1125 828 1306 899; x_wconf 78' lang='lat' dir='ltr'>ingrediente</span> 
     </span>
     <span class='ocr_line' id='line_1_7' title="bbox 132 893 1308 1031; baseline 0.003 -18"><span class='ocrx_word' id='word_1_47' title='bbox 132 893 1308 1031; x_wconf 52' lang='lat' dir='ltr'>stttristitittltttltutsstttttt{tittletteftrtttttttltt</span> 
     </span>
     <span class='ocr_line' id='line_1_8' title="bbox 132 1000 1308 1107; baseline 0.002 -25"><span class='ocrx_word' id='word_1_48' title='bbox 132 1034 163 1082; x_wconf 88' lang='lat' dir='ltr'>et</span> <span class='ocrx_word' id='word_1_49' title='bbox 175 1029 280 1107; x_wconf 38' lang='lat' dir='ltr'>surdus·</span> <span class='ocrx_word' id='word_1_50' title='bbox 289 1027 413 1082; x_wconf 87' lang='lat' dir='ltr'>effectus</span> <span class='ocrx_word' id='word_1_51' title='bbox 432 1033 488 1106; x_wconf 76' lang='lat' dir='ltr'>est,</span> <span class='ocrx_word' id='word_1_52' title='bbox 507 1034 539 1080; x_wconf 94' lang='lat' dir='ltr'>ut</span> <span class='ocrx_word' id='word_1_53' title='bbox 551 1045 643 1096; x_wconf 90' lang='lat' dir='ltr'>neque</span> <span class='ocrx_word' id='word_1_54' title='bbox 655 1028 766 1095; x_wconf 85' lang='lat' dir='ltr'>videre,</span> <span class='ocrx_word' id='word_1_55' title='bbox 784 1045 875 1098; x_wconf 89' lang='lat' dir='ltr'>neque</span> <span class='ocrx_word' id='word_1_56' title='bbox 888 1029 986 1083; x_wconf 87' lang='lat' dir='ltr'>audire</span> <span class='ocrx_word' id='word_1_57' title='bbox 998 1000 1105 1099; x_wconf 66' lang='lat' dir='ltr'>po’sset</span> <span class='ocrx_word' id='word_1_58' title='bbox 1140 1029 1221 1084; x_wconf 84' lang='lat' dir='ltr'>Tunc</span> <span class='ocrx_word' id='word_1_59' title='bbox 1235 1030 1308 1084; x_wconf 81' lang='lat' dir='ltr'>dixit</span> 
     </span>
     <span class='ocr_line' id='line_1_9' title="bbox 131 1094 1307 1166; baseline 0.002 -18"><span class='ocrx_word' id='word_1_60' title='bbox 131 1113 224 1149; x_wconf 81' lang='lat' dir='ltr'>servis</span> <span class='ocrx_word' id='word_1_61' title='bbox 237 1113 313 1148; x_wconf 78' lang='lat' dir='ltr'>suls:</span> <span class='ocrx_word' id='word_1_62' title='bbox 331 1094 505 1148; x_wconf 84' lang='lat' dir='ltr'>Prehendrte</span> <span class='ocrx_word' id='word_1_63' title='bbox 517 1111 561 1148; x_wconf 91' lang='lat' dir='ltr'>me</span> <span class='ocrx_word' id='word_1_64' title='bbox 575 1101 604 1148; x_wconf 85' lang='lat' dir='ltr'>ct</span> <span class='ocrx_word' id='word_1_65' title='bbox 617 1100 696 1149; x_wconf 86' lang='lat' dir='ltr'>extra</span> <span class='ocrx_word' id='word_1_66' title='bbox 708 1096 831 1162; x_wconf 76' lang='lat' dir='ltr'>educite,</span> <span class='ocrx_word' id='word_1_67' title='bbox 844 1097 977 1166; x_wconf 91' lang='lat' dir='ltr'>quoniam</span> <span class='ocrx_word' id='word_1_68' title='bbox 987 1097 1062 1150; x_wconf 91' lang='lat' dir='ltr'>oculi</span> <span class='ocrx_word' id='word_1_69' title='bbox 1074 1097 1131 1151; x_wconf 89' lang='lat' dir='ltr'>mci</span> <span class='ocrx_word' id='word_1_70' title='bbox 1144 1098 1223 1152; x_wconf 87' lang='lat' dir='ltr'>caeci</span> <span class='ocrx_word' id='word_1_71' title='bbox 1235 1097 1307 1152; x_wconf 85' lang='lat' dir='ltr'>iacti</span> 
     </span>
     <span class='ocr_line' id='line_1_10' title="bbox 132 1161 1306 1240; baseline 0.003 -25"><span class='ocrx_word' id='word_1_72' title='bbox 132 1168 199 1216; x_wconf 88' lang='lat' dir='ltr'>sunt</span> <span class='ocrx_word' id='word_1_73' title='bbox 222 1169 253 1216; x_wconf 91' lang='lat' dir='ltr'>et</span> <span class='ocrx_word' id='word_1_74' title='bbox 276 1179 358 1216; x_wconf 90' lang='lat' dir='ltr'>aures</span> <span class='ocrx_word' id='word_1_75' title='bbox 383 1179 462 1216; x_wconf 87' lang='lat' dir='ltr'>meae</span> <span class='ocrx_word' id='word_1_76' title='bbox 486 1161 516 1240; x_wconf 82' lang='lat' dir='ltr'>in</span> <span class='ocrx_word' id='word_1_77' title='bbox 540 1167 652 1216; x_wconf 88' lang='lat' dir='ltr'>tantum</span> <span class='ocrx_word' id='word_1_78' title='bbox 672 1163 894 1231; x_wconf 87' lang='lat' dir='ltr'>obsurduerunt,</span> <span class='ocrx_word' id='word_1_79' title='bbox 921 1171 954 1218; x_wconf 90' lang='lat' dir='ltr'>ut</span> <span class='ocrx_word' id='word_1_80' title='bbox 981 1163 1054 1218; x_wconf 90' lang='lat' dir='ltr'>nihil</span> <span class='ocrx_word' id='word_1_81' title='bbox 1073 1164 1188 1235; x_wconf 88' lang='lat' dir='ltr'>penitus</span> <span class='ocrx_word' id='word_1_82' title='bbox 1209 1166 1306 1219; x_wconf 89' lang='lat' dir='ltr'>audire</span> 
     </span>
    </p>
   </div>
   <div class='ocr_carea' id='block_1_4' title="bbox 132 1231 254 1284">
    <p class='ocr_par' dir='ltr' id='par_1_4' title="bbox 132 1231 254 1284">
     <span class='ocr_line' id='line_1_11' title="bbox 132 1231 254 1284; baseline 0.008 -1"><span class='ocrx_word' id='word_1_83' title='bbox 132 1231 254 1284; x_wconf 86' lang='lat' dir='ltr'>valeam.</span> 
     </span>
    </p>
   </div>
   <div class='ocr_carea' id='block_1_5' title="bbox 130 1329 1307 2076">
    <p class='ocr_par' dir='ltr' id='par_1_5' title="bbox 130 1329 1307 1805">
     <span class='ocr_line' id='line_1_12' title="bbox 202 1329 1306 1400; baseline 0.003 -17"><span class='ocrx_word' id='word_1_84' title='bbox 202 1329 333 1384; x_wconf 83' lang='lat' dir='ltr'>CLXVI.</span> <span class='ocrx_word' id='word_1_85' title='bbox 369 1329 451 1382; x_wconf 85' lang='lat' dir='ltr'>Tunc</span> <span class='ocrx_word' id='word_1_86' title='bbox 473 1329 548 1383; x_wconf 89' lang='lat' dir='ltr'>servi</span> <span class='ocrx_word' id='word_1_87' title='bbox 565 1330 626 1384; x_wconf 87' lang='lat' dir='ltr'>eius</span> <span class='ocrx_word' id='word_1_88' title='bbox 646 1329 805 1385; x_wconf 88' lang='lat' dir='ltr'>circuibant</span> <span class='ocrx_word' id='word_1_89' title='bbox 821 1349 872 1400; x_wconf 91' lang='lat' dir='ltr'>per</span> <span class='ocrx_word' id='word_1_90' title='bbox 890 1338 980 1386; x_wconf 88' lang='lat' dir='ltr'>totam</span> <span class='ocrx_word' id='word_1_91' title='bbox 997 1331 1149 1386; x_wconf 89' lang='lat' dir='ltr'>ecclesiam</span> <span class='ocrx_word' id='word_1_92' title='bbox 1166 1330 1197 1385; x_wconf 89' lang='lat' dir='ltr'>in</span> <span class='ocrx_word' id='word_1_93' title='bbox 1213 1331 1306 1386; x_wconf 91' lang='lat' dir='ltr'>medio</span> 
     </span>
     <span class='ocr_line' id='line_1_13' title="bbox 133 1395 1307 1470; baseline 0 -18"><span class='ocrx_word' id='word_1_94' title='bbox 133 1399 242 1452; x_wconf 88' lang='lat' dir='ltr'>orantis</span> <span class='ocrx_word' id='word_1_95' title='bbox 261 1395 360 1466; x_wconf 91' lang='lat' dir='ltr'>populi</span> <span class='ocrx_word' id='word_1_96' title='bbox 378 1397 499 1451; x_wconf 87' lang='lat' dir='ltr'>virorum</span> <span class='ocrx_word' id='word_1_97' title='bbox 516 1398 623 1468; x_wconf 89' lang='lat' dir='ltr'>pariter</span> <span class='ocrx_word' id='word_1_98' title='bbox 641 1404 670 1452; x_wconf 93' lang='lat' dir='ltr'>et</span> <span class='ocrx_word' id='word_1_99' title='bbox 686 1399 847 1464; x_wconf 85' lang='lat' dir='ltr'>mulierum,</span> <span class='ocrx_word' id='word_1_100' title='bbox 865 1415 918 1452; x_wconf 87' lang='lat' dir='ltr'>nec</span> <span class='ocrx_word' id='word_1_101' title='bbox 930 1404 1027 1468; x_wconf 89' lang='lat' dir='ltr'>portas</span> <span class='ocrx_word' id='word_1_102' title='bbox 1060 1415 1089 1452; x_wconf 92' lang='lat' dir='ltr'>er</span> <span class='ocrx_word' id='word_1_103' title='bbox 1101 1415 1171 1468; x_wconf 84' lang='lat' dir='ltr'>quas</span> <span class='ocrx_word' id='word_1_104' title='bbox 1183 1399 1307 1470; x_wconf 86' lang='lat' dir='ltr'>ingressi</span> 
     </span>
     <span class='ocr_line' id='line_1_14' title="bbox 131 1463 1306 1544; baseline 0.003 -26"><span class='ocrx_word' id='word_1_105' title='bbox 131 1465 247 1519; x_wconf 82' lang='lat' dir='ltr'>fuerant</span> <span class='ocrx_word' id='word_1_106' title='bbox 285 1469 396 1518; x_wconf 89' lang='lat' dir='ltr'>oterant</span> <span class='ocrx_word' id='word_1_107' title='bbox 414 1467 544 1544; x_wconf 86' lang='lat' dir='ltr'>reperire.</span> <span class='ocrx_word' id='word_1_108' title='bbox 580 1463 664 1518; x_wconf 88' lang='lat' dir='ltr'>Unde</span> <span class='ocrx_word' id='word_1_109' title='bbox 682 1466 747 1518; x_wconf 91' lang='lat' dir='ltr'>dum</span> <span class='ocrx_word' id='word_1_110' title='bbox 765 1466 820 1535; x_wconf 91' lang='lat' dir='ltr'>ipsi</span> <span class='ocrx_word' id='word_1_111' title='bbox 836 1465 1030 1535; x_wconf 86' lang='lat' dir='ltr'>vagabundio</span> <span class='ocrx_word' id='word_1_112' title='bbox 1052 1472 1146 1519; x_wconf 81' lang='lat' dir='ltr'>errant</span> <span class='ocrx_word' id='word_1_113' title='bbox 1157 1483 1208 1536; x_wconf 90' lang='lat' dir='ltr'>per</span> <span class='ocrx_word' id='word_1_114' title='bbox 1220 1484 1306 1537; x_wconf 87' lang='lat' dir='ltr'>gyros</span> 
     </span>
     <span class='ocr_line' id='line_1_15' title="bbox 131 1483 1306 1602; baseline 0.001 -16"><span class='ocrx_word' id='word_1_115' title='bbox 131 1533 169 1586; x_wconf 90' lang='lat' dir='ltr'>ad</span> <span class='ocrx_word' id='word_1_116' title='bbox 181 1483 362 1586; x_wconf 65' lang='lat' dir='ltr'>decolorem</span> <span class='ocrx_word' id='word_1_117' title='bbox 375 1532 517 1586; x_wconf 89' lang='lat' dir='ltr'>domrnam</span> <span class='ocrx_word' id='word_1_118' title='bbox 530 1539 619 1598; x_wconf 87' lang='lat' dir='ltr'>suam,</span> <span class='ocrx_word' id='word_1_119' title='bbox 631 1533 681 1588; x_wconf 90' lang='lat' dir='ltr'>ubi</span> <span class='ocrx_word' id='word_1_120' title='bbox 692 1532 757 1586; x_wconf 92' lang='lat' dir='ltr'>Deo</span> <span class='ocrx_word' id='word_1_121' title='bbox 768 1549 867 1602; x_wconf 80' lang='lat' dir='ltr'>preces</span> <span class='ocrx_word' id='word_1_122' title='bbox 880 1531 1028 1598; x_wconf 85' lang='lat' dir='ltr'>fundebat,</span> <span class='ocrx_word' id='word_1_123' title='bbox 1040 1539 1229 1602; x_wconf 84' lang='lat' dir='ltr'>pervenerunt</span> <span class='ocrx_word' id='word_1_124' title='bbox 1243 1551 1306 1587; x_wconf 91' lang='lat' dir='ltr'>cum</span> 
     </span>
     <span class='ocr_line' id='line_1_16' title="bbox 131 1598 1304 1662; baseline 0.002 -10"><span class='ocrx_word' id='word_1_125' title='bbox 131 1601 246 1654; x_wconf 92' lang='lat' dir='ltr'>domino</span> <span class='ocrx_word' id='word_1_126' title='bbox 261 1616 320 1652; x_wconf 89' lang='lat' dir='ltr'>suo.</span> <span class='ocrx_word' id='word_1_127' title='bbox 339 1598 418 1662; x_wconf 83' lang='lat' dir='ltr'>Quae</span> <span class='ocrx_word' id='word_1_128' title='bbox 432 1617 494 1652; x_wconf 92' lang='lat' dir='ltr'>cum</span> <span class='ocrx_word' id='word_1_129' title='bbox 503 1599 624 1653; x_wconf 86' lang='lat' dir='ltr'>vidisset</span> <span class='ocrx_word' id='word_1_130' title='bbox 635 1616 730 1653; x_wconf 87' lang='lat' dir='ltr'>servos</span> <span class='ocrx_word' id='word_1_131' title='bbox 742 1617 799 1652; x_wconf 90' lang='lat' dir='ltr'>una</span> <span class='ocrx_word' id='word_1_132' title='bbox 812 1617 876 1652; x_wconf 88' lang='lat' dir='ltr'>cum</span> <span class='ocrx_word' id='word_1_133' title='bbox 889 1599 1001 1654; x_wconf 90' lang='lat' dir='ltr'>domino</span> <span class='ocrx_word' id='word_1_134' title='bbox 1014 1615 1110 1653; x_wconf 90' lang='lat' dir='ltr'>eorum</span> <span class='ocrx_word' id='word_1_135' title='bbox 1121 1609 1304 1654; x_wconf 89' lang='lat' dir='ltr'>excaecatum</span> 
     </span>
     <span class='ocr_line' id='line_1_17' title="bbox 131 1666 1304 1746; baseline 0.002 -26"><span class='ocrx_word' id='word_1_136' title='bbox 131 1668 225 1738; x_wconf 88' lang='lat' dir='ltr'>ipsum</span> <span class='ocrx_word' id='word_1_137' title='bbox 242 1667 485 1737; x_wconf 79' lang='lat' dir='ltr'>circumagentes,</span> <span class='ocrx_word' id='word_1_138' title='bbox 503 1667 594 1746; x_wconf 87' lang='lat' dir='ltr'>primo</span> <span class='ocrx_word' id='word_1_139' title='bbox 608 1667 722 1736; x_wconf 90' lang='lat' dir='ltr'>quidem</span> <span class='ocrx_word' id='word_1_140' title='bbox 740 1666 895 1721; x_wconf 80' lang='lat' dir='ltr'>declinavit</span> <span class='ocrx_word' id='word_1_141' title='bbox 907 1672 1055 1736; x_wconf 87' lang='lat' dir='ltr'>aspectum</span> <span class='ocrx_word' id='word_1_142' title='bbox 1068 1667 1129 1720; x_wconf 90' lang='lat' dir='ltr'>eius</span> <span class='ocrx_word' id='word_1_143' title='bbox 1141 1673 1259 1736; x_wconf 88' lang='lat' dir='ltr'>putans,</span> <span class='ocrx_word' id='word_1_144' title='bbox 1273 1684 1304 1722; x_wconf 88' lang='lat' dir='ltr'>se</span> 
     </span>
     <span class='ocr_line' id='line_1_18' title="bbox 130 1733 1303 1805; baseline 0 -17"><span class='ocrx_word' id='word_1_145' title='bbox 130 1735 240 1805; x_wconf 87' lang='lat' dir='ltr'>apertis</span> <span class='ocrx_word' id='word_1_146' title='bbox 258 1734 348 1788; x_wconf 90' lang='lat' dir='ltr'>oculis</span> <span class='ocrx_word' id='word_1_147' title='bbox 367 1751 430 1787; x_wconf 90' lang='lat' dir='ltr'>eum</span> <span class='ocrx_word' id='word_1_148' title='bbox 450 1751 587 1804; x_wconf 78' lang='lat' dir='ltr'>aspicere.</span> <span class='ocrx_word' id='word_1_149' title='bbox 624 1733 694 1787; x_wconf 90' lang='lat' dir='ltr'>Cum</span> <span class='ocrx_word' id='word_1_150' title='bbox 712 1751 798 1787; x_wconf 91' lang='lat' dir='ltr'>unum</span> <span class='ocrx_word' id='word_1_151' title='bbox 817 1751 959 1789; x_wconf 86' lang='lat' dir='ltr'>servorum</span> <span class='ocrx_word' id='word_1_152' title='bbox 976 1735 1146 1788; x_wconf 78' lang='lat' dir='ltr'>accersisset</span> <span class='ocrx_word' id='word_1_153' title='bbox 1158 1741 1190 1788; x_wconf 93' lang='lat' dir='ltr'>ut</span> <span class='ocrx_word' id='word_1_154' title='bbox 1208 1735 1303 1802; x_wconf 88' lang='lat' dir='ltr'>sciret,</span> 
     </span>
    </p>

    <p class='ocr_par' dir='ltr' id='par_1_6' title="bbox 150 1799 1305 1868">
     <span class='ocr_line' id='line_1_19' title="bbox 150 1799 1305 1868; baseline 0.001 -13"><span class='ocrx_word' id='word_1_155' title='bbox 150 1803 200 1856; x_wconf 92' lang='lat' dir='ltr'>uid</span> <span class='ocrx_word' id='word_1_156' title='bbox 214 1801 271 1855; x_wconf 89' lang='lat' dir='ltr'>sibi</span> <span class='ocrx_word' id='word_1_157' title='bbox 287 1799 396 1855; x_wconf 90' lang='lat' dir='ltr'>vellent</span> <span class='ocrx_word' id='word_1_158' title='bbox 414 1820 478 1855; x_wconf 92' lang='lat' dir='ltr'>cum</span> <span class='ocrx_word' id='word_1_159' title='bbox 495 1802 608 1856; x_wconf 92' lang='lat' dir='ltr'>domino</span> <span class='ocrx_word' id='word_1_160' title='bbox 626 1801 849 1868; x_wconf 88' lang='lat' dir='ltr'>circumeuntes,</span> <span class='ocrx_word' id='word_1_161' title='bbox 869 1802 942 1855; x_wconf 88' lang='lat' dir='ltr'>dixit</span> <span class='ocrx_word' id='word_1_162' title='bbox 961 1801 1026 1856; x_wconf 90' lang='lat' dir='ltr'>ille:</span> <span class='ocrx_word' id='word_1_163' title='bbox 1050 1801 1190 1856; x_wconf 85' lang='lat' dir='ltr'>Dominus</span> <span class='ocrx_word' id='word_1_164' title='bbox 1208 1807 1305 1856; x_wconf 87' lang='lat' dir='ltr'>noster</span> 
     </span>
    </p>

    <p class='ocr_par' dir='ltr' id='par_1_7' title="bbox 131 1820 1304 2076">
     <span class='ocr_line' id='line_1_20' title="bbox 131 1820 1304 1950; baseline 0 -28"><span class='ocrx_word' id='word_1_165' title='bbox 131 1820 197 1923; x_wconf 63' lang='lat' dir='ltr'>Cum</span> <span class='ocrx_word' id='word_1_166' title='bbox 212 1868 277 1932; x_wconf 64' lang='lat' dir='ltr'>‚vult</span> <span class='ocrx_word' id='word_1_167' title='bbox 298 1869 394 1924; x_wconf 86' lang='lat' dir='ltr'>videre</span> <span class='ocrx_word' id='word_1_168' title='bbox 413 1869 488 1939; x_wconf 84' lang='lat' dir='ltr'>quod</span> <span class='ocrx_word' id='word_1_169' title='bbox 506 1869 533 1923; x_wconf 89' lang='lat' dir='ltr'>ei</span> <span class='ocrx_word' id='word_1_170' title='bbox 553 1869 664 1922; x_wconf 91' lang='lat' dir='ltr'>licitum</span> <span class='ocrx_word' id='word_1_171' title='bbox 680 1887 737 1922; x_wconf 90' lang='lat' dir='ltr'>non</span> <span class='ocrx_word' id='word_1_172' title='bbox 754 1875 798 1923; x_wconf 89' lang='lat' dir='ltr'>est</span> <span class='ocrx_word' id='word_1_173' title='bbox 816 1874 845 1923; x_wconf 91' lang='lat' dir='ltr'>et</span> <span class='ocrx_word' id='word_1_174' title='bbox 867 1871 991 1924; x_wconf 89' lang='lat' dir='ltr'>alienum</span> <span class='ocrx_word' id='word_1_175' title='bbox 1012 1869 1177 1950; x_wconf 75' lang='lat' dir='ltr'>mysterium</span> <span class='ocrx_word' id='word_1_176' title='bbox 1196 1869 1304 1936; x_wconf 88' lang='lat' dir='ltr'>audire,</span> 
     </span>
     <span class='ocr_line' id='line_1_21' title="bbox 131 1936 1300 2007; baseline -0.001 -16"><span class='ocrx_word' id='word_1_177' title='bbox 131 1943 304 1992; x_wconf 82' lang='lat' dir='ltr'>excaecatus</span> <span class='ocrx_word' id='word_1_178' title='bbox 316 1941 361 1990; x_wconf 91' lang='lat' dir='ltr'>est</span> <span class='ocrx_word' id='word_1_179' title='bbox 384 1942 413 1991; x_wconf 89' lang='lat' dir='ltr'>et</span> <span class='ocrx_word' id='word_1_180' title='bbox 431 1938 531 1989; x_wconf 86' lang='lat' dir='ltr'>surdus</span> <span class='ocrx_word' id='word_1_181' title='bbox 548 1936 675 1990; x_wconf 86' lang='lat' dir='ltr'>effectus.</span> <span class='ocrx_word' id='word_1_182' title='bbox 693 1936 783 1993; x_wconf 88' lang='lat' dir='ltr'>Nobis</span> <span class='ocrx_word' id='word_1_183' title='bbox 800 1942 895 1991; x_wconf 86' lang='lat' dir='ltr'>autern</span> <span class='ocrx_word' id='word_1_184' title='bbox 912 1937 1075 2007; x_wconf 78' lang='lat' dir='ltr'>imperavit,</span> <span class='ocrx_word' id='word_1_185' title='bbox 1092 1937 1217 1990; x_wconf 90' lang='lat' dir='ltr'>utillum</span> <span class='ocrx_word' id='word_1_186' title='bbox 1233 1937 1300 1991; x_wconf 92' lang='lat' dir='ltr'>hinc</span> 
     </span>
     <span class='ocr_line' id='line_1_22' title="bbox 131 2003 1128 2076; baseline -0.002 -16"><span class='ocrx_word' id='word_1_187' title='bbox 131 2006 327 2070; x_wconf 79' lang='lat' dir='ltr'>edoceremus,</span> <span class='ocrx_word' id='word_1_188' title='bbox 341 2005 392 2058; x_wconf 89' lang='lat' dir='ltr'>sed</span> <span class='ocrx_word' id='word_1_189' title='bbox 404 2022 461 2058; x_wconf 93' lang='lat' dir='ltr'>non</span> <span class='ocrx_word' id='word_1_190' title='bbox 473 2003 557 2058; x_wconf 87' lang='lat' dir='ltr'>licuit</span> <span class='ocrx_word' id='word_1_191' title='bbox 570 2003 653 2058; x_wconf 89' lang='lat' dir='ltr'>nobis</span> <span class='ocrx_word' id='word_1_192' title='bbox 666 2003 808 2060; x_wconf 87' lang='lat' dir='ltr'>cumhinc</span> <span class='ocrx_word' id='word_1_193' title='bbox 821 2005 880 2060; x_wconf 91' lang='lat' dir='ltr'>ullo</span> <span class='ocrx_word' id='word_1_194' title='bbox 892 2011 977 2076; x_wconf 89' lang='lat' dir='ltr'>pacto</span> <span class='ocrx_word' id='word_1_195' title='bbox 991 2005 1128 2058; x_wconf 87' lang='lat' dir='ltr'>emittere.</span> 
     </span>
    </p>
   </div>
   <div class='ocr_carea' id='block_1_6' title="bbox 129 2137 1304 2478">
    <p class='ocr_par' dir='ltr' id='par_1_8' title="bbox 129 2137 1304 2478">
     <span class='ocr_line' id='line_1_23' title="bbox 201 2137 1304 2206; baseline -0.002 -14"><span class='ocrx_word' id='word_1_196' title='bbox 201 2137 346 2193; x_wconf 84' lang='lat' dir='ltr'>CLXVII.</span> <span class='ocrx_word' id='word_1_197' title='bbox 366 2138 448 2202; x_wconf 81' lang='lat' dir='ltr'>Quod</span> <span class='ocrx_word' id='word_1_198' title='bbox 458 2156 521 2192; x_wconf 89' lang='lat' dir='ltr'>cum</span> <span class='ocrx_word' id='word_1_199' title='bbox 531 2137 681 2194; x_wconf 88' lang='lat' dir='ltr'>Theodora</span> <span class='ocrx_word' id='word_1_200' title='bbox 693 2157 710 2194; x_wconf 89' lang='lat' dir='ltr'>a</span> <span class='ocrx_word' id='word_1_201' title='bbox 741 2155 808 2192; x_wconf 92' lang='lat' dir='ltr'>uero</span> <span class='ocrx_word' id='word_1_202' title='bbox 818 2139 956 2206; x_wconf 85' lang='lat' dir='ltr'>audisset,</span> <span class='ocrx_word' id='word_1_203' title='bbox 970 2139 1052 2192; x_wconf 89' lang='lat' dir='ltr'>stetit</span> <span class='ocrx_word' id='word_1_204' title='bbox 1062 2156 1091 2193; x_wconf 91' lang='lat' dir='ltr'>se</span> <span class='ocrx_word' id='word_1_205' title='bbox 1104 2137 1135 2191; x_wconf 90' lang='lat' dir='ltr'>in</span> <span class='ocrx_word' id='word_1_206' title='bbox 1148 2138 1304 2194; x_wconf 88' lang='lat' dir='ltr'>orationem</span> 
     </span>
     <span class='ocr_line' id='line_1_24' title="bbox 131 2204 1302 2278; baseline 0 -18"><span class='ocrx_word' id='word_1_207' title='bbox 131 2213 160 2260; x_wconf 88' lang='lat' dir='ltr'>et</span> <span class='ocrx_word' id='word_1_208' title='bbox 172 2224 237 2261; x_wconf 91' lang='lat' dir='ltr'>cum</span> <span class='ocrx_word' id='word_1_209' title='bbox 247 2206 372 2261; x_wconf 80' lang='lat' dir='ltr'>lacrimis</span> <span class='ocrx_word' id='word_1_210' title='bbox 385 2205 478 2260; x_wconf 92' lang='lat' dir='ltr'>Deum</span> <span class='ocrx_word' id='word_1_211' title='bbox 489 2206 620 2278; x_wconf 81' lang='lat' dir='ltr'>rogabat,</span> <span class='ocrx_word' id='word_1_212' title='bbox 632 2212 664 2259; x_wconf 89' lang='lat' dir='ltr'>ut</span> <span class='ocrx_word' id='word_1_213' title='bbox 676 2207 706 2260; x_wconf 92' lang='lat' dir='ltr'>in</span> <span class='ocrx_word' id='word_1_214' title='bbox 728 2223 742 2260; x_wconf 92' lang='lat' dir='ltr'>e</span> <span class='ocrx_word' id='word_1_215' title='bbox 754 2207 798 2259; x_wconf 87' lang='lat' dir='ltr'>vir</span> <span class='ocrx_word' id='word_1_216' title='bbox 810 2207 870 2261; x_wconf 89' lang='lat' dir='ltr'>eius</span> <span class='ocrx_word' id='word_1_217' title='bbox 883 2213 981 2277; x_wconf 87' lang='lat' dir='ltr'>posset</span> <span class='ocrx_word' id='word_1_218' title='bbox 994 2207 1078 2260; x_wconf 84' lang='lat' dir='ltr'>exire.</span> <span class='ocrx_word' id='word_1_219' title='bbox 1103 2204 1302 2276; x_wconf 88' lang='lat' dir='ltr'>Conversaqne</span> 
     </span>
     <span class='ocr_line' id='line_1_25' title="bbox 130 2273 1303 2344; baseline -0.002 -16"><span class='ocrx_word' id='word_1_220' title='bbox 130 2275 168 2328; x_wconf 84' lang='lat' dir='ltr'>ad</span> <span class='ocrx_word' id='word_1_221' title='bbox 180 2291 277 2328; x_wconf 86' lang='lat' dir='ltr'>servos</span> <span class='ocrx_word' id='word_1_222' title='bbox 290 2274 339 2344; x_wconf 93' lang='lat' dir='ltr'>qui</span> <span class='ocrx_word' id='word_1_223' title='bbox 356 2291 420 2327; x_wconf 90' lang='lat' dir='ltr'>cum</span> <span class='ocrx_word' id='word_1_224' title='bbox 437 2291 470 2327; x_wconf 92' lang='lat' dir='ltr'>eo</span> <span class='ocrx_word' id='word_1_225' title='bbox 487 2280 581 2340; x_wconf 89' lang='lat' dir='ltr'>erant,</span> <span class='ocrx_word' id='word_1_226' title='bbox 602 2273 704 2341; x_wconf 88' lang='lat' dir='ltr'>Abite,</span> <span class='ocrx_word' id='word_1_227' title='bbox 726 2275 833 2343; x_wconf 90' lang='lat' dir='ltr'>inquit,</span> <span class='ocrx_word' id='word_1_228' title='bbox 855 2281 885 2328; x_wconf 87' lang='lat' dir='ltr'>ct</span> <span class='ocrx_word' id='word_1_229' title='bbox 902 2293 986 2328; x_wconf 90' lang='lat' dir='ltr'>manu</span> <span class='ocrx_word' id='word_1_230' title='bbox 1004 2275 1141 2328; x_wconf 90' lang='lat' dir='ltr'>ducentes</span> <span class='ocrx_word' id='word_1_231' title='bbox 1160 2273 1303 2328; x_wconf 91' lang='lat' dir='ltr'>dominum</span> 
     </span>
     <span class='ocr_line' id='line_1_26' title="bbox 129 2340 1300 2421; baseline -0.001 -26"><span class='ocrx_word' id='word_1_232' title='bbox 129 2347 256 2396; x_wconf 78' lang='lat' dir='ltr'>vestrum</span> <span class='ocrx_word' id='word_1_233' title='bbox 269 2341 381 2396; x_wconf 89' lang='lat' dir='ltr'>domum</span> <span class='ocrx_word' id='word_1_234' title='bbox 397 2341 540 2408; x_wconf 75' lang='lat' dir='ltr'>reducite,</span> <span class='ocrx_word' id='word_1_235' title='bbox 559 2358 613 2421; x_wconf 84' lang='lat' dir='ltr'>ego</span> <span class='ocrx_word' id='word_1_236' title='bbox 630 2343 705 2394; x_wconf 91' lang='lat' dir='ltr'>enim</span> <span class='ocrx_word' id='word_1_237' title='bbox 717 2358 816 2410; x_wconf 87' lang='lat' dir='ltr'>preces</span> <span class='ocrx_word' id='word_1_238' title='bbox 833 2359 903 2410; x_wconf 89' lang='lat' dir='ltr'>quas</span> <span class='ocrx_word' id='word_1_239' title='bbox 916 2341 1048 2394; x_wconf 86' lang='lat' dir='ltr'>inchoavi</span> <span class='ocrx_word' id='word_1_240' title='bbox 1064 2358 1122 2394; x_wconf 93' lang='lat' dir='ltr'>non</span> <span class='ocrx_word' id='word_1_241' title='bbox 1132 2340 1300 2409; x_wconf 86' lang='lat' dir='ltr'>relinquam,</span> 
     </span>
     <span class='ocr_line' id='line_1_27' title="bbox 131 2407 1303 2478; baseline -0.002 -16"><span class='ocrx_word' id='word_1_242' title='bbox 131 2410 183 2462; x_wconf 90' lang='lat' dir='ltr'>sed</span> <span class='ocrx_word' id='word_1_243' title='bbox 195 2409 313 2463; x_wconf 88' lang='lat' dir='ltr'>offeram</span> <span class='ocrx_word' id='word_1_244' title='bbox 324 2407 449 2464; x_wconf 91' lang='lat' dir='ltr'>Domino</span> <span class='ocrx_word' id='word_1_245' title='bbox 462 2407 632 2463; x_wconf 72' lang='lat' dir='ltr'>sacrificium</span> <span class='ocrx_word' id='word_1_246' title='bbox 644 2426 751 2474; x_wconf 78' lang='lat' dir='ltr'>meum3</span> <span class='ocrx_word' id='word_1_247' title='bbox 765 2409 914 2477; x_wconf 89' lang='lat' dir='ltr'>completis</span> <span class='ocrx_word' id='word_1_248' title='bbox 927 2425 993 2461; x_wconf 89' lang='lat' dir='ltr'>vero</span> <span class='ocrx_word' id='word_1_249' title='bbox 1005 2407 1151 2478; x_wconf 88' lang='lat' dir='ltr'>mysteriis</span> <span class='ocrx_word' id='word_1_250' title='bbox 1163 2424 1214 2460; x_wconf 89' lang='lat' dir='ltr'>vos</span> <span class='ocrx_word' id='word_1_251' title='bbox 1226 2423 1303 2460; x_wconf 89' lang='lat' dir='ltr'>asse·</span> 
     </span>
    </p>
   </div>
   <div class='ocr_carea' id='block_1_7' title="bbox 131 2473 1301 2598">
    <p class='ocr_par' dir='ltr' id='par_1_9' title="bbox 131 2473 1301 2598">
     <span class='ocr_line' id='line_1_28' title="bbox 131 2473 1301 2598; baseline -0.003 -68"><span class='ocrx_word' id='word_1_252' title='bbox 131 2495 209 2546; x_wconf 87' lang='lat' dir='ltr'>quar.</span> <span class='ocrx_word' id='word_1_253' title='bbox 246 2476 328 2530; x_wconf 92' lang='lat' dir='ltr'>Tunc</span> <span class='ocrx_word' id='word_1_254' title='bbox 349 2477 438 2598; x_wconf 49' lang='lat' dir='ltr'>igitur</span> <span class='ocrx_word' id='word_1_255' title='bbox 455 2477 648 2531; x_wconf 87' lang='lat' dir='ltr'>discesserunt</span> <span class='ocrx_word' id='word_1_256' title='bbox 667 2475 767 2530; x_wconf 86' lang='lat' dir='ltr'>famuli</span> <span class='ocrx_word' id='word_1_257' title='bbox 788 2493 873 2528; x_wconf 89' lang='lat' dir='ltr'>manu</span> <span class='ocrx_word' id='word_1_258' title='bbox 893 2475 1067 2528; x_wconf 71' lang='lat' dir='ltr'>deducentes</span> <span class='ocrx_word' id='word_1_259' title='bbox 1092 2491 1156 2527; x_wconf 92' lang='lat' dir='ltr'>eum</span> <span class='ocrx_word' id='word_1_260' title='bbox 1180 2473 1301 2539; x_wconf 93' lang='lat' dir='ltr'>domum,</span> 
     </span>
    </p>
   </div>
   <div class='ocr_carea' id='block_1_8' title="bbox 129 2539 1304 2885">
    <p class='ocr_par' dir='ltr' id='par_1_10' title="bbox 129 2539 1304 2885">
     <span class='ocr_line' id='line_1_29' title="bbox 129 2539 1304 2614; baseline -0.003 -17"><span class='ocrx_word' id='word_1_261' title='bbox 129 2545 293 2614; x_wconf 87' lang='lat' dir='ltr'>reversique</span> <span class='ocrx_word' id='word_1_262' title='bbox 306 2545 344 2598; x_wconf 89' lang='lat' dir='ltr'>ad</span> <span class='ocrx_word' id='word_1_263' title='bbox 376 2544 497 2597; x_wconf 80' lang='lat' dir='ltr'>ominem</span> <span class='ocrx_word' id='word_1_264' title='bbox 510 2561 588 2598; x_wconf 88' lang='lat' dir='ltr'>suam</span> <span class='ocrx_word' id='word_1_265' title='bbox 602 2544 682 2597; x_wconf 91' lang='lat' dir='ltr'>illum</span> <span class='ocrx_word' id='word_1_266' title='bbox 694 2543 900 2597; x_wconf 88' lang='lat' dir='ltr'>nunciaverunt</span> <span class='ocrx_word' id='word_1_267' title='bbox 913 2559 1028 2608; x_wconf 86' lang='lat' dir='ltr'>caccum</span> <span class='ocrx_word' id='word_1_268' title='bbox 1041 2547 1070 2594; x_wconf 85' lang='lat' dir='ltr'>et</span> <span class='ocrx_word' id='word_1_269' title='bbox 1083 2541 1197 2594; x_wconf 89' lang='lat' dir='ltr'>surdum</span> <span class='ocrx_word' id='word_1_270' title='bbox 1210 2539 1304 2594; x_wconf 79' lang='lat' dir='ltr'>adhuc</span> 
     </span>
     <span class='ocr_line' id='line_1_30' title="bbox 129 2607 1303 2732; baseline -0.004 -66"><span class='ocrx_word' id='word_1_271' title='bbox 129 2612 329 2682; x_wconf 87' lang='lat' dir='ltr'>permansisse.</span> <span class='ocrx_word' id='word_1_272' title='bbox 353 2611 392 2664; x_wconf 84' lang='lat' dir='ltr'>At</span> <span class='ocrx_word' id='word_1_273' title='bbox 405 2611 555 2666; x_wconf 87' lang='lat' dir='ltr'>Theodora</span> <span class='ocrx_word' id='word_1_274' title='bbox 566 2611 658 2682; x_wconf 81' lang='lat' dir='ltr'>magis</span> <span class='ocrx_word' id='word_1_275' title='bbox 668 2611 815 2732; x_wconf 74' lang='lat' dir='ltr'>magisque</span> <span class='ocrx_word' id='word_1_276' title='bbox 827 2609 890 2662; x_wconf 91' lang='lat' dir='ltr'>Deo</span> <span class='ocrx_word' id='word_1_277' title='bbox 904 2607 1119 2729; x_wconf 58' lang='lat' dir='ltr'>deprecationes</span> <span class='ocrx_word' id='word_1_278' title='bbox 1132 2615 1161 2662; x_wconf 84' lang='lat' dir='ltr'>et</span> <span class='ocrx_word' id='word_1_279' title='bbox 1173 2607 1303 2662; x_wconf 89' lang='lat' dir='ltr'>lacrimas</span> 
     </span>
     <span class='ocr_line' id='line_1_31' title="bbox 131 2675 1303 2746; baseline -0.003 -14"><span class='ocrx_word' id='word_1_280' title='bbox 131 2679 247 2745; x_wconf 84' lang='lat' dir='ltr'>effudit,</span> <span class='ocrx_word' id='word_1_281' title='bbox 260 2685 292 2732; x_wconf 92' lang='lat' dir='ltr'>ut</span> <span class='ocrx_word' id='word_1_282' title='bbox 304 2697 354 2733; x_wconf 90' lang='lat' dir='ltr'>suo</span> <span class='ocrx_word' id='word_1_283' title='bbox 366 2679 426 2732; x_wconf 85' lang='lat' dir='ltr'>viro</span> <span class='ocrx_word' id='word_1_284' title='bbox 440 2680 636 2734; x_wconf 88' lang='lat' dir='ltr'>misericordia</span> <span class='ocrx_word' id='word_1_285' title='bbox 653 2679 714 2732; x_wconf 89' lang='lat' dir='ltr'>eius</span> <span class='ocrx_word' id='word_1_286' title='bbox 730 2696 763 2730; x_wconf 88' lang='lat' dir='ltr'>su</span> <span class='ocrx_word' id='word_1_287' title='bbox 783 2677 902 2731; x_wconf 85' lang='lat' dir='ltr'>veniret.</span> <span class='ocrx_word' id='word_1_288' title='bbox 966 2681 1034 2746; x_wconf 90' lang='lat' dir='ltr'>tque</span> <span class='ocrx_word' id='word_1_289' title='bbox 1047 2675 1125 2730; x_wconf 89' lang='lat' dir='ltr'>facta</span> <span class='ocrx_word' id='word_1_290' title='bbox 1138 2675 1303 2728; x_wconf 88' lang='lat' dir='ltr'>dimissione</span> 
     </span>
     <span class='ocr_line' id='line_1_32' title="bbox 131 2741 1303 2814; baseline -0.005 -13"><span class='ocrx_word' id='word_1_291' title='bbox 131 2747 241 2801; x_wconf 86' lang='lat' dir='ltr'>accidit</span> <span class='ocrx_word' id='word_1_292' title='bbox 256 2747 342 2800; x_wconf 90' lang='lat' dir='ltr'>beato</span> <span class='ocrx_word' id='word_1_293' title='bbox 361 2746 503 2800; x_wconf 81' lang='lat' dir='ltr'>Clementi</span> <span class='ocrx_word' id='word_1_294' title='bbox 520 2746 671 2800; x_wconf 87' lang='lat' dir='ltr'>Theodora</span> <span class='ocrx_word' id='word_1_295' title='bbox 687 2746 785 2800; x_wconf 88' lang='lat' dir='ltr'>dicens</span> <span class='ocrx_word' id='word_1_296' title='bbox 798 2743 905 2811; x_wconf 92' lang='lat' dir='ltr'>omnia,</span> <span class='ocrx_word' id='word_1_297' title='bbox 924 2760 996 2814; x_wconf 88' lang='lat' dir='ltr'>quae</span> <span class='ocrx_word' id='word_1_298' title='bbox 1014 2743 1115 2798; x_wconf 90' lang='lat' dir='ltr'>marito</span> <span class='ocrx_word' id='word_1_299' title='bbox 1129 2759 1179 2796; x_wconf 90' lang='lat' dir='ltr'>suo</span> <span class='ocrx_word' id='word_1_300' title='bbox 1192 2741 1303 2796; x_wconf 84' lang='lat' dir='ltr'>accido·</span> 
     </span>
     <span class='ocr_line' id='line_1_33' title="bbox 132 2811 1040 2885; baseline -0.007 -17"><span class='ocrx_word' id='word_1_301' title='bbox 132 2823 213 2870; x_wconf 86' lang='lat' dir='ltr'>rant:</span> <span class='ocrx_word' id='word_1_302' title='bbox 232 2831 296 2866; x_wconf 91' lang='lat' dir='ltr'>eum</span> <span class='ocrx_word' id='word_1_303' title='bbox 309 2815 413 2885; x_wconf 90' lang='lat' dir='ltr'>quippe</span> <span class='ocrx_word' id='word_1_304' title='bbox 427 2831 489 2868; x_wconf 89' lang='lat' dir='ltr'>esse</span> <span class='ocrx_word' id='word_1_305' title='bbox 503 2814 593 2868; x_wconf 92' lang='lat' dir='ltr'>oculis</span> <span class='ocrx_word' id='word_1_306' title='bbox 607 2831 723 2868; x_wconf 88' lang='lat' dir='ltr'>caecum</span> <span class='ocrx_word' id='word_1_307' title='bbox 736 2813 905 2882; x_wconf 90' lang='lat' dir='ltr'>surdumque</span> <span class='ocrx_word' id='word_1_308' title='bbox 918 2811 1040 2866; x_wconf 88' lang='lat' dir='ltr'>auribus.</span> 
     </span>
    </p>
   </div>
   <div class='ocr_carea' id='block_1_9' title="bbox 130 2925 1304 3392">
    <p class='ocr_par' dir='ltr' id='par_1_11' title="bbox 130 2925 1304 3392">
     <span class='ocr_line' id='line_1_34' title="bbox 201 2925 1304 2997; baseline -0.005 -11"><span class='ocrx_word' id='word_1_309' title='bbox 201 2931 361 2987; x_wconf 79' lang='lat' dir='ltr'>CLXVIII.</span> <span class='ocrx_word' id='word_1_310' title='bbox 396 2932 474 2995; x_wconf 79' lang='lat' dir='ltr'>Quae</span> <span class='ocrx_word' id='word_1_311' title='bbox 491 2949 555 2985; x_wconf 91' lang='lat' dir='ltr'>cum</span> <span class='ocrx_word' id='word_1_312' title='bbox 572 2931 701 2985; x_wconf 87' lang='lat' dir='ltr'>audisset</span> <span class='ocrx_word' id='word_1_313' title='bbox 716 2931 818 2986; x_wconf 86' lang='lat' dir='ltr'>beatus</span> <span class='ocrx_word' id='word_1_314' title='bbox 832 2928 977 2997; x_wconf 84' lang='lat' dir='ltr'>Clemens,</span> <span class='ocrx_word' id='word_1_315' title='bbox 991 2927 1092 2983; x_wconf 81' lang='lat' dir='ltr'>effusis</span> <span class='ocrx_word' id='word_1_316' title='bbox 1105 2927 1230 2982; x_wconf 85' lang='lat' dir='ltr'>lacrimis</span> <span class='ocrx_word' id='word_1_317' title='bbox 1241 2925 1304 2981; x_wconf 91' lang='lat' dir='ltr'>hor·</span> 
     </span>
     <span class='ocr_line' id='line_1_35' title="bbox 130 2994 1303 3067; baseline -0.006 -13"><span class='ocrx_word' id='word_1_318' title='bbox 130 3000 249 3054; x_wconf 85' lang='lat' dir='ltr'>tabatur</span> <span class='ocrx_word' id='word_1_319' title='bbox 265 3017 313 3054; x_wconf 91' lang='lat' dir='ltr'>eos</span> <span class='ocrx_word' id='word_1_320' title='bbox 350 2999 385 3052; x_wconf 90' lang='lat' dir='ltr'>ui</span> <span class='ocrx_word' id='word_1_321' title='bbox 398 3000 530 3066; x_wconf 88' lang='lat' dir='ltr'>aderant,</span> <span class='ocrx_word' id='word_1_322' title='bbox 546 3005 578 3052; x_wconf 90' lang='lat' dir='ltr'>ut</span> <span class='ocrx_word' id='word_1_323' title='bbox 595 3017 611 3053; x_wconf 85' lang='lat' dir='ltr'>a</span> <span class='ocrx_word' id='word_1_324' title='bbox 627 2998 751 3053; x_wconf 91' lang='lat' dir='ltr'>Domino</span> <span class='ocrx_word' id='word_1_325' title='bbox 767 2998 939 3052; x_wconf 89' lang='lat' dir='ltr'>unanimiter</span> <span class='ocrx_word' id='word_1_326' title='bbox 955 2997 1147 3067; x_wconf 87' lang='lat' dir='ltr'>postularent,</span> <span class='ocrx_word' id='word_1_327' title='bbox 1164 2995 1224 3050; x_wconf 90' lang='lat' dir='ltr'>viro</span> <span class='ocrx_word' id='word_1_328' title='bbox 1242 2994 1303 3049; x_wconf 87' lang='lat' dir='ltr'>eius</span> 
     </span>
     <span class='ocr_line' id='line_1_36' title="bbox 131 3017 1303 3136; baseline -0.005 -14"><span class='ocrx_word' id='word_1_329' title='bbox 131 3067 261 3122; x_wconf 81' lang='lat' dir='ltr'>auditum</span> <span class='ocrx_word' id='word_1_330' title='bbox 273 3017 405 3121; x_wconf 67' lang='lat' dir='ltr'>redieret</span> <span class='ocrx_word' id='word_1_331' title='bbox 418 3085 451 3122; x_wconf 93' lang='lat' dir='ltr'>ac</span> <span class='ocrx_word' id='word_1_332' title='bbox 464 3067 562 3120; x_wconf 88' lang='lat' dir='ltr'>visum.</span> <span class='ocrx_word' id='word_1_333' title='bbox 591 3065 739 3120; x_wconf 88' lang='lat' dir='ltr'>Audacter</span> <span class='ocrx_word' id='word_1_334' title='bbox 750 3068 847 3136; x_wconf 85' lang='lat' dir='ltr'>itaque</span> <span class='ocrx_word' id='word_1_335' title='bbox 864 3067 966 3120; x_wconf 90' lang='lat' dir='ltr'>beatus</span> <span class='ocrx_word' id='word_1_336' title='bbox 980 3064 1111 3118; x_wconf 91' lang='lat' dir='ltr'>Clemens</span> <span class='ocrx_word' id='word_1_337' title='bbox 1123 3070 1189 3134; x_wconf 90' lang='lat' dir='ltr'>post</span> <span class='ocrx_word' id='word_1_338' title='bbox 1202 3063 1303 3118; x_wconf 88' lang='lat' dir='ltr'>oratio·</span> 
     </span>
     <span class='ocr_line' id='line_1_37' title="bbox 131 3130 1303 3205; baseline -0.005 -17"><span class='ocrx_word' id='word_1_339' title='bbox 131 3152 196 3190; x_wconf 89' lang='lat' dir='ltr'>nem</span> <span class='ocrx_word' id='word_1_340' title='bbox 213 3135 337 3205; x_wconf 86' lang='lat' dir='ltr'>perrexit</span> <span class='ocrx_word' id='word_1_341' title='bbox 357 3152 420 3188; x_wconf 92' lang='lat' dir='ltr'>cum</span> <span class='ocrx_word' id='word_1_342' title='bbox 439 3134 556 3188; x_wconf 88' lang='lat' dir='ltr'>muliere</span> <span class='ocrx_word' id='word_1_343' title='bbox 574 3135 610 3188; x_wconf 89' lang='lat' dir='ltr'>ad</span> <span class='ocrx_word' id='word_1_344' title='bbox 631 3135 722 3187; x_wconf 87' lang='lat' dir='ltr'>virum</span> <span class='ocrx_word' id='word_1_345' title='bbox 740 3135 801 3187; x_wconf 89' lang='lat' dir='ltr'>eius</span> <span class='ocrx_word' id='word_1_346' title='bbox 823 3139 852 3186; x_wconf 89' lang='lat' dir='ltr'>et</span> <span class='ocrx_word' id='word_1_347' title='bbox 874 3132 984 3186; x_wconf 87' lang='lat' dir='ltr'>invenit</span> <span class='ocrx_word' id='word_1_348' title='bbox 1004 3150 1068 3186; x_wconf 90' lang='lat' dir='ltr'>eum</span> <span class='ocrx_word' id='word_1_349' title='bbox 1088 3131 1194 3202; x_wconf 87' lang='lat' dir='ltr'>apertis</span> <span class='ocrx_word' id='word_1_350' title='bbox 1212 3130 1303 3186; x_wconf 85' lang='lat' dir='ltr'>oculis</span> 
     </span>
     <span class='ocr_line' id='line_1_38' title="bbox 131 3197 1302 3274; baseline -0.005 -18"><span class='ocrx_word' id='word_1_351' title='bbox 131 3203 274 3256; x_wconf 90' lang='lat' dir='ltr'>neminem</span> <span class='ocrx_word' id='word_1_352' title='bbox 286 3203 393 3269; x_wconf 83' lang='lat' dir='ltr'>videre,</span> <span class='ocrx_word' id='word_1_353' title='bbox 406 3219 497 3272; x_wconf 91' lang='lat' dir='ltr'>neque</span> <span class='ocrx_word' id='word_1_354' title='bbox 507 3201 594 3256; x_wconf 89' lang='lat' dir='ltr'>etiam</span> <span class='ocrx_word' id='word_1_355' title='bbox 604 3218 759 3256; x_wconf 88' lang='lat' dir='ltr'>sermonem</span> <span class='ocrx_word' id='word_1_356' title='bbox 766 3201 909 3253; x_wconf 91' lang='lat' dir='ltr'>ullatenus</span> <span class='ocrx_word' id='word_1_357' title='bbox 922 3205 971 3252; x_wconf 90' lang='lat' dir='ltr'>aut</span> <span class='ocrx_word' id='word_1_358' title='bbox 983 3200 1073 3274; x_wconf 83' lang='lat' dir='ltr'>ullum</span> <span class='ocrx_word' id='word_1_359' title='bbox 1085 3217 1184 3253; x_wconf 91' lang='lat' dir='ltr'>sonum</span> <span class='ocrx_word' id='word_1_360' title='bbox 1196 3197 1302 3263; x_wconf 88' lang='lat' dir='ltr'>audire,</span> 
     </span>
     <span class='ocr_line' id='line_1_39' title="bbox 130 3264 1300 3390; baseline -0.005 -66"><span class='ocrx_word' id='word_1_361' title='bbox 130 3271 190 3389; x_wconf 53' lang='lat' dir='ltr'>ubii</span> <span class='ocrx_word' id='word_1_362' title='bbox 201 3275 238 3390; x_wconf 52' lang='lat' dir='ltr'>eq</span> <span class='ocrx_word' id='word_1_363' title='bbox 249 3270 400 3324; x_wconf 86' lang='lat' dir='ltr'>commixto</span> <span class='ocrx_word' id='word_1_364' title='bbox 420 3271 527 3324; x_wconf 90' lang='lat' dir='ltr'>eiulatu</span> <span class='ocrx_word' id='word_1_365' title='bbox 548 3287 644 3324; x_wconf 88' lang='lat' dir='ltr'>omnes</span> <span class='ocrx_word' id='word_1_366' title='bbox 660 3266 893 3339; x_wconf 86' lang='lat' dir='ltr'>perstrepebant,</span> <span class='ocrx_word' id='word_1_367' title='bbox 915 3283 968 3319; x_wconf 90' lang='lat' dir='ltr'>nec</span> <span class='ocrx_word' id='word_1_368' title='bbox 986 3267 1128 3320; x_wconf 84' lang='lat' dir='ltr'>Sisinnius</span> <span class='ocrx_word' id='word_1_369' title='bbox 1146 3266 1205 3318; x_wconf 92' lang='lat' dir='ltr'>ullo</span> <span class='ocrx_word' id='word_1_370' title='bbox 1218 3264 1300 3318; x_wconf 89' lang='lat' dir='ltr'>modo</span> 
     </span>
     <span class='ocr_line' id='line_1_40' title="bbox 131 3337 278 3392; baseline -0.014 0"><span class='ocrx_word' id='word_1_371' title='bbox 131 3355 170 3392; x_wconf 88' lang='lat' dir='ltr'>au</span> <span class='ocrx_word' id='word_1_372' title='bbox 191 3337 218 3390; x_wconf 88' lang='lat' dir='ltr'>ie</span> <span class='ocrx_word' id='word_1_373' title='bbox 241 3343 278 3390; x_wconf 90' lang='lat' dir='ltr'>at.</span> 
     </span>
    </p>
   </div>
   <div class='ocr_carea' id='block_1_10' title="bbox 130 3445 1303 3734">
    <p class='ocr_par' dir='ltr' id='par_1_12' title="bbox 130 3445 1303 3734">
     <span class='ocr_line' id='line_1_41' title="bbox 201 3445 1302 3526; baseline -0.008 -19"><span class='ocrx_word' id='word_1_374' title='bbox 201 3453 333 3510; x_wconf 86' lang='lat' dir='ltr'>CLXIX.</span> <span class='ocrx_word' id='word_1_375' title='bbox 370 3455 451 3508; x_wconf 82' lang='lat' dir='ltr'>Tunc</span> <span class='ocrx_word' id='word_1_376' title='bbox 463 3454 553 3526; x_wconf 85' lang='lat' dir='ltr'>igitur</span> <span class='ocrx_word' id='word_1_377' title='bbox 564 3453 686 3525; x_wconf 91' lang='lat' dir='ltr'>genibus</span> <span class='ocrx_word' id='word_1_378' title='bbox 701 3451 782 3505; x_wconf 82' lang='lat' dir='ltr'>flexis</span> <span class='ocrx_word' id='word_1_379' title='bbox 795 3449 832 3505; x_wconf 90' lang='lat' dir='ltr'>ad</span> <span class='ocrx_word' id='word_1_380' title='bbox 844 3449 938 3504; x_wconf 92' lang='lat' dir='ltr'>Deum</span> <span class='ocrx_word' id='word_1_381' title='bbox 952 3448 1024 3501; x_wconf 82' lang='lat' dir='ltr'>dixit</span> <span class='ocrx_word' id='word_1_382' title='bbox 1039 3448 1142 3502; x_wconf 89' lang='lat' dir='ltr'>beatus</span> <span class='ocrx_word' id='word_1_383' title='bbox 1155 3445 1302 3501; x_wconf 86' lang='lat' dir='ltr'>Clemens:</span> 
     </span>
     <span class='ocr_line' id='line_1_42' title="bbox 130 3515 1301 3591; baseline -0.006 -17"><span class='ocrx_word' id='word_1_384' title='bbox 130 3521 257 3576; x_wconf 91' lang='lat' dir='ltr'>Domine</span> <span class='ocrx_word' id='word_1_385' title='bbox 278 3522 345 3576; x_wconf 91' lang='lat' dir='ltr'>Iesu</span> <span class='ocrx_word' id='word_1_386' title='bbox 362 3521 489 3587; x_wconf 87' lang='lat' dir='ltr'>Christe,</span> <span class='ocrx_word' id='word_1_387' title='bbox 512 3522 561 3591; x_wconf 92' lang='lat' dir='ltr'>qui</span> <span class='ocrx_word' id='word_1_388' title='bbox 582 3523 677 3575; x_wconf 88' lang='lat' dir='ltr'>claves</span> <span class='ocrx_word' id='word_1_389' title='bbox 697 3519 779 3591; x_wconf 84' lang='lat' dir='ltr'>regni</span> <span class='ocrx_word' id='word_1_390' title='bbox 800 3517 942 3572; x_wconf 87' lang='lat' dir='ltr'>caelorum</span> <span class='ocrx_word' id='word_1_391' title='bbox 963 3516 1070 3570; x_wconf 88' lang='lat' dir='ltr'>dedisti</span> <span class='ocrx_word' id='word_1_392' title='bbox 1090 3515 1220 3585; x_wconf 89' lang='lat' dir='ltr'>apostolo</span> <span class='ocrx_word' id='word_1_393' title='bbox 1241 3520 1301 3580; x_wconf 89' lang='lat' dir='ltr'>tuo,</span> 
     </span>
     <span class='ocr_line' id='line_1_43' title="bbox 130 3583 1303 3661; baseline -0.008 -18"><span class='ocrx_word' id='word_1_394' title='bbox 130 3589 271 3660; x_wconf 87' lang='lat' dir='ltr'>magistro</span> <span class='ocrx_word' id='word_1_395' title='bbox 284 3596 379 3643; x_wconf 89' lang='lat' dir='ltr'>autem</span> <span class='ocrx_word' id='word_1_396' title='bbox 391 3607 454 3644; x_wconf 91' lang='lat' dir='ltr'>meo</span> <span class='ocrx_word' id='word_1_397' title='bbox 466 3590 560 3656; x_wconf 91' lang='lat' dir='ltr'>Petro,</span> <span class='ocrx_word' id='word_1_398' title='bbox 574 3595 603 3642; x_wconf 89' lang='lat' dir='ltr'>et</span> <span class='ocrx_word' id='word_1_399' title='bbox 616 3587 727 3642; x_wconf 87' lang='lat' dir='ltr'>dixisti:</span> <span class='ocrx_word' id='word_1_400' title='bbox 747 3588 937 3655; x_wconf 78' lang='lat' dir='ltr'>Quaecunque</span> <span class='ocrx_word' id='word_1_401' title='bbox 950 3583 1103 3654; x_wconf 89' lang='lat' dir='ltr'>aperueris,</span> <span class='ocrx_word' id='word_1_402' title='bbox 1116 3588 1215 3654; x_wconf 89' lang='lat' dir='ltr'>aperta</span> <span class='ocrx_word' id='word_1_403' title='bbox 1228 3587 1303 3661; x_wconf 77' lang='lat' dir='ltr'>cunt,</span> 
     </span>
     <span class='ocr_line' id='line_1_44' title="bbox 131 3650 1303 3734; baseline -0.008 -24"><span class='ocrx_word' id='word_1_404' title='bbox 131 3663 162 3710; x_wconf 90' lang='lat' dir='ltr'>ct</span> <span class='ocrx_word' id='word_1_405' title='bbox 179 3674 365 3734; x_wconf 86' lang='lat' dir='ltr'>quaecunque</span> <span class='ocrx_word' id='word_1_406' title='bbox 384 3657 533 3722; x_wconf 89' lang='lat' dir='ltr'>clauseris,</span> <span class='ocrx_word' id='word_1_407' title='bbox 557 3657 654 3710; x_wconf 89' lang='lat' dir='ltr'>clausa</span> <span class='ocrx_word' id='word_1_408' title='bbox 672 3663 751 3722; x_wconf 88' lang='lat' dir='ltr'>eunt,</span> <span class='ocrx_word' id='word_1_409' title='bbox 772 3661 804 3708; x_wconf 90' lang='lat' dir='ltr'>tu</span> <span class='ocrx_word' id='word_1_410' title='bbox 821 3653 967 3724; x_wconf 88' lang='lat' dir='ltr'>praecipe,</span> <span class='ocrx_word' id='word_1_411' title='bbox 989 3657 1021 3705; x_wconf 91' lang='lat' dir='ltr'>ut</span> <span class='ocrx_word' id='word_1_412' title='bbox 1038 3651 1201 3722; x_wconf 89' lang='lat' dir='ltr'>aperiantur</span> <span class='ocrx_word' id='word_1_413' title='bbox 1219 3650 1303 3703; x_wconf 89' lang='lat' dir='ltr'>hurus</span> 
     </span>
    </p>
   </div>
   <div class='ocr_carea' id='block_1_11' title="bbox 131 3872 1305 4448">
    <p class='ocr_par' dir='ltr' id='par_1_13' title="bbox 131 3872 1305 4448">
     <span class='ocr_line' id='line_1_45' title="bbox 184 3872 1305 3958; baseline -0.005 -28"><span class='ocrx_word' id='word_1_414' title='bbox 184 3881 245 3947; x_wconf 72' lang='lat' dir='ltr'>cap.</span> <span class='ocrx_word' id='word_1_415' title='bbox 259 3881 360 3932; x_wconf 76' lang='lat' dir='ltr'>ccxv.</span> <span class='ocrx_word' id='word_1_416' title='bbox 395 3877 423 3948; x_wconf 82' lang='grc' dir='ltr'>ι)</span> <span class='ocrx_word' id='word_1_417' title='bbox 436 3876 519 3932; x_wconf 71' lang='lat' dir='ltr'>occu</span> <span class='ocrx_word' id='word_1_418' title='bbox 532 3881 562 3930; x_wconf 88' lang='lat' dir='ltr'>v.</span> <span class='ocrx_word' id='word_1_419' title='bbox 794 3880 853 3944; x_wconf 73' lang='lat' dir='ltr'>cap.</span> <span class='ocrx_word' id='word_1_420' title='bbox 867 3877 993 3957; x_wconf 79' lang='lat' dir='ltr'>onxvn.</span> <span class='ocrx_word' id='word_1_421' title='bbox 1019 3874 1044 3939; x_wconf 86' lang='lat'>1)</span> <span class='ocrx_word' id='word_1_422' title='bbox 1063 3875 1186 3958; x_wconf 62' lang='grc' dir='ltr'>ιεειιςῑν</span> <span class='ocrx_word' id='word_1_423' title='bbox 1199 3872 1305 3952; x_wconf 60' lang='lat' dir='ltr'>ruszcsy</span> 
     </span>
     <span class='ocr_line' id='line_1_46' title="bbox 184 3937 1304 4061; baseline -0.009 -62"><span class='ocrx_word' id='word_1_424' title='bbox 184 3997 220 4048; x_wconf 59' lang='lat' dir='ltr'>ca</span> <span class='ocrx_word' id='word_1_425' title='bbox 239 4037 245 4048; x_wconf 87' lang='lat'>.</span> <span class='ocrx_word' id='word_1_426' title='bbox 263 3999 377 4049; x_wconf 35' lang='lat' dir='ltr'>CLXVI.</span> <span class='ocrx_word' id='word_1_427' title='bbox 415 3995 438 4060; x_wconf 56' lang='grc'>1)</span> <span class='ocrx_word' id='word_1_428' title='bbox 462 3995 531 4050; x_wconf 49' lang='grc' dir='ltr'>ὅθεν</span> <span class='ocrx_word' id='word_1_429' title='bbox 550 4014 597 4046; x_wconf 38' lang='grc' dir='ltr'>ΟΜ.</span> <span class='ocrx_word' id='word_1_430' title='bbox 615 3998 644 4045; x_wconf 43' lang='grc' dir='ltr'>Ο·</span> <span class='ocrx_word' id='word_1_431' title='bbox 666 4023 700 4031; x_wconf 59' lang='lat'>—</span> <span class='ocrx_word' id='word_1_432' title='bbox 741 3946 795 3996; x_wconf 83' lang='lat' dir='ltr'>inv.</span> <span class='ocrx_word' id='word_1_433' title='bbox 809 3943 918 4061; x_wconf 48' lang='lat'>06-2)</span> <span class='ocrx_word' id='word_1_434' title='bbox 932 3941 1048 4012; x_wconf 76' lang='lat' dir='ltr'>riyaysrs</span> <span class='ocrx_word' id='word_1_435' title='bbox 1061 3937 1175 4008; x_wconf 76' lang='lat'>0.—3)</span> <span class='ocrx_word' id='word_1_436' title='bbox 1187 3940 1304 4002; x_wconf 80' lang='grc' dir='ltr'><em>καταλη-</em></span> 
     </span>
     <span class='ocr_line' id='line_1_47' title="bbox 132 4015 1297 4137; baseline -0.008 -21"><span class='ocrx_word' id='word_1_437' title='bbox 132 4015 287 4137; x_wconf 58' lang='lat' dir='ltr'>ntupum</span> <span class='ocrx_word' id='word_1_438' title='bbox 301 4062 489 4134; x_wconf 71' lang='grc' dir='ltr'>ἦνεωγμένσις</span> <span class='ocrx_word' id='word_1_439' title='bbox 506 4061 565 4132; x_wconf 81' lang='lat' dir='ltr'>(sic)</span> <span class='ocrx_word' id='word_1_440' title='bbox 583 4065 612 4114; x_wconf 92' lang='lat'>0.</span> <span class='ocrx_word' id='word_1_441' title='bbox 636 4065 699 4113; x_wconf 82' lang='lat' dir='ltr'>For·</span> <span class='ocrx_word' id='word_1_442' title='bbox 743 4022 830 4077; x_wconf 61' lang='lat' dir='ltr'>Wm</span> <span class='ocrx_word' id='word_1_443' title='bbox 867 4048 872 4060; x_wconf 62' lang='lat'><strong>¹</strong></span> <span class='ocrx_word' id='word_1_444' title='bbox 1293 4085 1297 4094; x_wconf 91' lang='lat'>·</span> 
     </span>
     <span class='ocr_line' id='line_1_48' title="bbox 132 4127 1257 4203; baseline -0.004 -19"><span class='ocrx_word' id='word_1_445' title='bbox 132 4139 199 4184; x_wconf 76' lang='lat' dir='ltr'>tasse</span> <span class='ocrx_word' id='word_1_446' title='bbox 216 4128 261 4184; x_wconf 80' lang='grc' dir='ltr'>ὅτι</span> <span class='ocrx_word' id='word_1_447' title='bbox 278 4134 529 4203; x_wconf 74' lang='grc' dir='ltr'>παρηνεῳγμένοις.</span> <span class='ocrx_word' id='word_1_448' title='bbox 559 4132 628 4182; x_wconf 88' lang='lat' dir='ltr'>Idem</span> <span class='ocrx_word' id='word_1_449' title='bbox 640 4131 698 4181; x_wconf 88' lang='lat' dir='ltr'>sub·</span> <span class='ocrx_word' id='word_1_450' title='bbox 793 4137 852 4202; x_wconf 81' lang='lat' dir='ltr'>Cap.</span> <span class='ocrx_word' id='word_1_451' title='bbox 865 4134 1005 4185; x_wconf 87' lang='lat' dir='ltr'>CLXVIII.</span> <span class='ocrx_word' id='word_1_452' title='bbox 1041 4129 1067 4198; x_wconf 88' lang='lat'>1)</span> <span class='ocrx_word' id='word_1_453' title='bbox 1081 4127 1216 4200; x_wconf 81' lang='grc' dir='ltr'><em>ὀμμάτων</em></span> <span class='ocrx_word' id='word_1_454' title='bbox 1228 4132 1257 4180; x_wconf 92' lang='grc'>0.</span> 
     </span>
     <span class='ocr_line' id='line_1_49' title="bbox 132 4195 699 4267; baseline 0 -17"><span class='ocrx_word' id='word_1_455' title='bbox 132 4201 192 4250; x_wconf 85' lang='lat' dir='ltr'>iude</span> <span class='ocrx_word' id='word_1_456' title='bbox 225 4196 358 4265; x_wconf 77' lang='grc' dir='ltr'>θεάσηται</span> <span class='ocrx_word' id='word_1_457' title='bbox 386 4197 475 4265; x_wconf 81' lang='grc' dir='ltr'><em>αὐτὴν</em></span> <span class='ocrx_word' id='word_1_458' title='bbox 503 4195 520 4250; x_wconf 79' lang='grc' dir='ltr'>ὅ</span> <span class='ocrx_word' id='word_1_459' title='bbox 541 4213 636 4267; x_wconf 82' lang='grc' dir='ltr'>μασιν.</span> <span class='ocrx_word' id='word_1_460' title='bbox 665 4223 699 4233; x_wconf 92' lang='grc'><strong>-</strong></span> 
     </span>
     <span class='ocr_line' id='line_1_50' title="bbox 131 4219 1304 4339; baseline -0.01 -22"><span class='ocrx_word' id='word_1_461' title='bbox 131 4264 159 4328; x_wconf 79' lang='grc'>3)</span> <span class='ocrx_word' id='word_1_462' title='bbox 189 4263 357 4339; x_wconf 73' lang='grc' dir='ltr'>ἆπηργάσθη</span> <span class='ocrx_word' id='word_1_463' title='bbox 386 4269 414 4318; x_wconf 91' lang='grc'>0.</span> <span class='ocrx_word' id='word_1_464' title='bbox 444 4295 478 4304; x_wconf 91' lang='grc'>-</span> <span class='ocrx_word' id='word_1_465' title='bbox 511 4219 539 4326; x_wconf 58' lang='lat' dir='ltr'>‘ll</span> <span class='ocrx_word' id='word_1_466' title='bbox 568 4264 699 4318; x_wconf 69' lang='lat' dir='ltr'>tersites</span> <span class='ocrx_word' id='word_1_467' title='bbox 793 4263 852 4328; x_wconf 87' lang='lat' dir='ltr'>Cap.</span> <span class='ocrx_word' id='word_1_468' title='bbox 875 4261 988 4311; x_wconf 90' lang='lat' dir='ltr'>CLXIX.</span> <span class='ocrx_word' id='word_1_469' title='bbox 1024 4254 1051 4324; x_wconf 90' lang='lat'>1)</span> <span class='ocrx_word' id='word_1_470' title='bbox 1076 4252 1126 4337; x_wconf 59' lang='lat' dir='ltr'>priv</span> <span class='ocrx_word' id='word_1_471' title='bbox 1149 4273 1196 4306; x_wconf 92' lang='lat' dir='ltr'>om.</span> <span class='ocrx_word' id='word_1_472' title='bbox 1218 4258 1246 4306; x_wconf 90' lang='lat'>0.</span> <span class='ocrx_word' id='word_1_473' title='bbox 1270 4283 1304 4291; x_wconf 92' lang='lat'><em>-</em></span> 
     </span>
     <span class='ocr_line' id='line_1_51' title="bbox 134 4323 1304 4393; baseline -0.01 -8"><span class='ocrx_word' id='word_1_474' title='bbox 134 4351 182 4384; x_wconf 89' lang='lat' dir='ltr'>om.</span> <span class='ocrx_word' id='word_1_475' title='bbox 194 4337 222 4385; x_wconf 92' lang='grc' dir='ltr'>Ο.</span> <span class='ocrx_word' id='word_1_476' title='bbox 742 4327 767 4393; x_wconf 77' lang='lat'>2)</span> <span class='ocrx_word' id='word_1_477' title='bbox 781 4325 898 4387; x_wconf 75' lang='grc' dir='ltr'>ἀνοίξεις</span> <span class='ocrx_word' id='word_1_478' title='bbox 910 4329 941 4378; x_wconf 88' lang='lat' dir='ltr'>V.</span> <span class='ocrx_word' id='word_1_479' title='bbox 955 4354 987 4362; x_wconf 81' lang='lat'>—</span> <span class='ocrx_word' id='word_1_480' title='bbox 999 4323 1026 4385; x_wconf 80' lang='lat'>3)</span> <span class='ocrx_word' id='word_1_481' title='bbox 1038 4326 1137 4392; x_wconf 80' lang='grc' dir='ltr'>κλησης</span> <span class='ocrx_word' id='word_1_482' title='bbox 1147 4325 1176 4388; x_wconf 91' lang='lat' dir='ltr'>O,</span> <span class='ocrx_word' id='word_1_483' title='bbox 1188 4325 1304 4380; x_wconf 81' lang='grc' dir='ltr'>κλείσεις</span> 
     </span>
     <span class='ocr_line' id='line_1_52' title="bbox 1101 4409 1265 4448; baseline -0.006 0"><span class='ocrx_word' id='word_1_484' title='bbox 1101 4410 1125 4448; x_wconf 85' lang='grc'>15</span> <span class='ocrx_word' id='word_1_485' title='bbox 1264 4409 1265 4412; x_wconf 61' lang='grc'>’</span> 
     </span>
    </p>
   </div>
   <div class='ocr_carea' id='block_1_12' title="bbox 0 0 1568 4894">
    <p class='ocr_par' dir='ltr' id='par_1_14' title="bbox 0 0 1568 4894">
     <span class='ocr_line' id='line_1_53' title="bbox 0 0 1568 4894; baseline 0 0"><span class='ocrx_word' id='word_1_486' title='bbox 0 0 1568 4894; x_wconf 95' lang='lat' dir='ltr'> </span> 
     </span>
    </p>
   </div>
  </div>
 </body>
</html>
