3126 4894
548 351 704 402 serrone
721 351 865 401 urrann.
1228 339 1290 404 213

115 500 230 554 beatum
249 495 442 578 praedicavit,
460 502 580 578 vocatus
598 502 627 552 et
649 497 758 578 electus
778 503 807 551 et
824 497 970 552 convictor
987 504 1015 552 et
1029 515 1137 568 comes3
1152 501 1243 556 bonus
1256 522 1290 560 ac

114 567 252 685 probatrg
266 565 1290 688 ὼ““ῳ“1·ῗιῖιέἓιὲἱὲ“ἰὲἓὲἓ1ἳιῖἲέἰῖή-ωῑῗιωῖἱῖἷρῖιῖἕὲἒ’ΜΨ

114 653 210 767 ἓξὲξ,
221 649 521 771 ruppppss,si1gnffiwe
543 652 618 770 sibod
638 651 720 755 tiiste
738 706 796 766 est,
817 701 893 769 quod
901 651 1290 774 quecesqsariofliiiiiniaidb,

116 770 228 823 omuino
245 768 339 821 dicere
351 785 395 821 me
409 765 541 837 oportet?
550 800 580 806 -
599 767 646 820 hic
663 767 724 887 ipse
737 768 773 822 ob
787 769 951 821 immensam
964 786 1033 840 erga
1048 767 1177 824 homines
1190 774 1290 830 carita-

115 845 170 890 tem
190 837 269 889 clare
289 841 318 888 et
336 836 447 904 palam,
469 841 646 905 repugnante
681 841 738 888 icet
756 835 831 889 malo
853 835 948 889 seculo
970 837 1093 890 futurum
1111 837 1216 893 bonum
1236 841 1291 895 toti

114 904 218 957 mundo
232 903 364 956 indicans
376 901 500 972 Regem,
520 901 609 955 hucus
631 918 665 954 ue
683 903 801 956 Romam
817 903 950 970 veniens,
970 910 999 956 et
1016 903 1080 958 Deo
1118 906 1206 960 lacita
1225 908 1290 963 doe·

115 972 191 1026 trina
204 971 321 1024 salvans
334 969 472 1034 homines,
486 969 556 1038 ipsis
570 919 680 1036 diebus,
694 970 797 1039 quibus
809 969 964 1024 violentam
977 971 1070 1026 subire
1104 973 1208 1028 ebebat
1220 993 1291 1030 mor·

113 1045 184 1159 {pmi
196 1037 384 1157 conglregtatis
394 1036 530 1090 fratribus
544 1035 640 1090 subito
652 1036 830 1107 apprehensa
842 1055 927 1092 mauu
937 1056 1001 1093 msa
1010 1056 1184 1111 consurgens
1197 1059 1290 1098 coram

139 1124 172 1160 ec
186 1123 250 1160 esra
283 1123 322 1158 uu
345 1122 351 1156 :
1012 1131 1019 1144 ·

182 1205 314 1260 CXLVI.
350 1203 457 1258 Audite
478 1221 537 1271 me,
561 1203 662 1259 fratres
680 1210 709 1258 et
730 1205 874 1258 conservi:
905 1205 1057 1273 Quoniam,
1080 1205 1155 1260 sicut
1172 1209 1290 1264 edoctus

113 1285 176 1328 sum
194 1274 232 1328 ab
252 1289 300 1339 eo,
323 1272 371 1342 qui
387 1271 466 1324 misit
483 1289 540 1334 me,
560 1272 672 1326 domino
690 1278 719 1326 et
735 1273 873 1354 magistro
890 1274 955 1326 lesu
968 1273 1097 1340 Christo,
1117 1274 1178 1327 dies
1190 1278 1289 1331 mortis

113 1359 194 1398 meae
208 1341 453 1410 appropinquant,
473 1338 650 1393 Clementem
661 1339 736 1393 hunc
749 1357 913 1410 eprscopum
925 1340 1006 1393 vobis
1019 1341 1126 1406 ordino,
1140 1342 1186 1394 cui
1198 1361 1289 1398 meam

116 1427 278 1464 sermonum
291 1407 455 1461 cathedram
469 1407 569 1473 credo,
588 1407 636 1476 qui
653 1406 723 1459 mihi
734 1407 771 1460 ab
785 1407 868 1461 initio
885 1407 1024 1476 usquead
1039 1407 1124 1461 finem
1136 1425 1231 1463 comes
1244 1428 1290 1464 ex-

113 1477 207 1543 stitit,
228 1477 325 1544 sicque
338 1491 436 1528 omnes
450 1491 592 1527 sermones
604 1491 682 1527 meos
695 1474 819 1540 audivit,
836 1475 925 1543 quiin
937 1473 1069 1528 omnibus
1081 1477 1289 1532 tentationibus

113 1545 185 1598 meis
198 1543 343 1623 particeps
356 1542 386 1594 in
398 1540 455 1594 tide
468 1558 652 1612 perseverans
665 1541 798 1594 inventus
811 1549 868 1608 est,
887 1558 969 1611 quern
981 1542 1046 1610 plus
1059 1543 1179 1595 caeteris
1193 1561 1289 1614 exper-

114 1619 161 1665 tus
179 1629 242 1664 sum
260 1604 441 1682 religiosu‘m,
454 1615 674 1678 temperantem,
693 1608 857 1674 humanum,
869 1609 988 1675 bonum,
1002 1609 1155 1676 eruditum,
1170 1619 1288 1679 castum,

115 1680 231 1746 iustum,
243 1678 400 1748 patientem
414 1683 444 1730 et
457 1676 596 1730 scientem
608 1676 802 1731 fortitcrferre
815 1677 1011 1730 nonnullorum
1025 1676 1289 1732 catechumenorum

114 1748 260 1818 ingratum
274 1745 405 1799 animum.
436 1743 576 1808 Quocirca
588 1744 644 1814 ipsi
660 1744 742 1798 trado
756 1744 867 1816 ligandi
880 1750 908 1798 et
921 1745 1051 1798 solvendi
1062 1751 1244 1816 potestatem,
1257 1753 1290 1801 ut

113 1815 303 1885 quodcunque
326 1812 355 1864 in
374 1812 458 1865 terris
476 1811 663 1878 ordinaverit,
685 1812 723 1864 sit
742 1811 886 1867 decretum
904 1811 933 1864 in
951 1813 1047 1866 caelis.
1082 1811 1202 1883 Ligabit
1215 1815 1289 1868 enim

114 1882 192 1952 quod
209 1880 295 1952 ligari
315 1885 442 1949 oportet,
459 1885 489 1932 et
509 1879 602 1933 solvet
618 1878 694 1948 quod
706 1886 819 1950 oportet
832 1880 918 1945 solvi,
931 1885 982 1932 tan
1002 1898 1066 1934 uam
1079 1883 1127 1951 qui
1139 1881 1289 1936 Ecclesiae

112 1949 244 2020 regulam
258 1947 377 2002 noverit.
411 1947 508 2016 Ipsum
528 1963 597 2017 ergo
613 1947 725 2013 audite,
737 1954 769 2001 ut
783 1947 907 2001 scientes
920 1897 1003 2016 quodq,
1017 1949 1063 2018 qui
1078 1949 1289 2003 contristaverit

113 2017 247 2071 veritatis
260 2013 433 2086 praesidem,
452 2014 603 2084 peccatin
619 2012 775 2081 Christum,
794 2021 823 2069 et
840 2015 1032 2068 universorum
1049 2017 1163 2070 Patrem
1179 2016 1288 2071 irritat:

112 2089 288 2154 quapropter
301 2099 357 2136 non
374 2082 458 2134 vivet.
495 2080 646 2135 Caeterum
662 2081 754 2151 ipsum
789 2082 929 2136 raesidem
946 2089 1058 2154 oportet
1075 2085 1178 2138 medici
1196 2085 1289 2140 locum
1309 2118 1315 2127 ·

113 2159 223 2217 tenere,
236 2169 295 2204 non
307 2155 403 2204 autem
415 2148 492 2202 ferae
505 2148 617 2203 bestiae
631 2148 752 2204 furorem
764 2101 877 2204 iiabere.

184 2250 331 2305 CXLVII.
366 2249 448 2304 Haec
464 2249 515 2303 illo
536 2249 650 2303 dicente
664 2267 717 2321 ego
730 2252 880 2321 procidens
892 2251 1028 2370 rogabam
1041 2269 1118 2319 eum,
1136 2252 1289 2308 cathedrae

10 2367 11 2374 ,
113 2320 250 2374 honorem
263 2325 292 2372 et
304 2323 477 2388 potestatem
491 2317 655 2388 deprecans.
690 2317 731 2371 At
748 2319 798 2372 ille
815 2335 919 2388 respon
942 2319 977 2370 it:
996 2319 1059 2373 Hae
1077 2321 1112 2373 de
1129 2337 1159 2372 re
1173 2322 1232 2374 noli
1245 2338 1289 2375 me

113 2404 209 2442 orare:
223 2387 278 2440 hoc
292 2385 367 2439 enim
380 2383 441 2438 fieri
453 2384 523 2437 mihi
536 2391 674 2439 statutum
687 2391 740 2449 est,
756 2387 821 2454 quia
830 2385 901 2439 haec
912 2384 1046 2438 cathedra
1055 2404 1111 2439 non
1122 2405 1192 2455 opus
1201 2387 1289 2441 habet

9 2501 10 2524 ,
68 2497 73 2506 .
113 2455 267 2510 temerario
287 2452 405 2506 sedendi
424 2453 453 2504 in
472 2469 519 2518 ea,
537 2452 588 2506 sed
604 2452 664 2506 viro
681 2452 804 2505 moribus
823 2459 922 2506 sancto
941 2459 970 2506 et
989 2453 1146 2506 doctrinam
1159 2453 1290 2508 discendi

9 2525 10 2528 ’
113 2523 227 2592 cupido.
263 2519 319 2573 Ast
338 2520 375 2574 da
393 2519 463 2572 mihi
485 2520 734 2590 praestantiorem,
756 2521 804 2588 qui
825 2520 889 2589 plus
911 2525 940 2573 te
961 2536 1070 2573 mecum
1090 2521 1288 2600 peregrinatus

113 2590 202 2644 fuerit
216 2594 246 2642 et
259 2605 401 2642 sermones
413 2604 491 2640 meos
504 2587 628 2641 audierit
646 2603 680 2641 ac
692 2585 841 2640 Ecclesiae
858 2587 1133 2641 administrationem
1146 2588 1288 2655 didicerit,

114 2663 145 2712 et
156 2674 215 2711 non
233 2673 333 2726 cogam
350 2661 379 2708 te
397 2655 542 2708 nolentem
558 2655 632 2708 bene
648 2671 741 2726 agere.
778 2653 834 2708 Sed
854 2671 911 2708 non
931 2657 1037 2724 poteris
1053 2673 1128 2708 nunc
1145 2656 1289 2710 meliorem

114 2743 200 2796 quam
212 2729 245 2777 tu
258 2741 288 2778 es
302 2721 443 2776 exhibere.
463 2721 509 2775 Tu
520 2739 640 2791 namque
653 2723 797 2788 intereos,
812 2722 859 2792 qui
894 2739 923 2776 er
934 2739 978 2776 me
992 2722 1170 2793 exgentibus
1183 2725 1289 2778 servati

114 2799 197 2858 sunt,
214 2791 308 2845 locum
321 2790 489 2868 optimarum
508 2789 695 2859 primitiarum
712 2789 832 2844 obtines.
869 2740 927 2846 §ed
944 2795 973 2844 et
988 2790 1068 2843 aliud
1083 2795 1196 2859 reputa:
1214 2791 1290 2860 quod

114 2861 140 2914 si
151 2858 268 2932 peccati
285 2857 442 2928 periculum
455 2862 583 2911 metuens
604 2857 754 2912 Ecclesiae
767 2859 1003 2929 gubernationem
1017 2876 1073 2912 non
1086 2858 1217 2927 suscipis,
1231 2875 1290 2914 cer·

113 2935 161 2982 tus
174 2933 238 2980 esto
253 2932 282 2979 te
295 2924 417 3004 amplius
429 2941 563 3046 peccare,
581 2925 705 2994 quicum
718 2927 811 2996 possis
823 2925 880 2980 Dei
893 2925 1050 2980 cultoribus
1063 2926 1142 2980 velut
1153 2927 1218 2979 navi
1242 2944 1289 2980 an-

113 2995 194 3050 tibus
207 3003 238 3048 et
253 2993 430 3063 periclitanti
451 3009 484 3044 us
497 3009 672 3060 succurrere,
690 2994 720 3046 id
732 2993 826 3048 faeere
838 3011 963 3060 recusas,
977 2994 1052 3063 quod
1064 3000 1142 3048 tuum
1155 3000 1200 3047 est
1232 3011 1290 3048 um-

113 3068 196 3117 taxat
209 3060 403 3126 considerans,
418 3065 447 3114 et
459 3076 516 3113 non
529 3061 605 3128 quod
617 3061 647 3114 in
660 3078 806 3116 commune
818 3062 949 3115 omnibus
963 3063 1085 3132 expedit.
1105 3061 1186 3126 Quod
1195 3069 1289 3116 autem

9 3123 10 3164 ἶ
114 3130 274 3201 periculum
289 3127 402 3182 omnino
419 3126 562 3196 suscipere
575 3133 604 3181 te
617 3134 730 3198 oportet
742 3146 786 3182 me
799 3129 829 3181 id
841 3130 1020 3184 incessanter
1031 3137 1150 3202 rogante
1163 3130 1192 3182 in
1204 3148 1288 3184 cunc-

112 3204 207 3252 torum
222 3195 391 3262 subsidium,
405 3195 511 3264 optime
523 3195 636 3249 novisti.
656 3195 768 3260 Quanto
781 3213 850 3267 ergo
863 3196 949 3250 citius
961 3196 1031 3250 mihi
1043 3215 1177 3252 assensus
1191 3197 1287 3264 fucris,

111 3272 195 3320 tanto
209 3281 255 3318 me
268 3263 390 3316 tristitia
402 3261 520 3317 levabis.

185 3361 347 3419 CXLVIII.
382 3362 456 3418 Novi
469 3369 564 3418 autem
577 3363 664 3417 etlam
676 3361 747 3432 ipse,
761 3379 778 3415 o
790 3359 933 3427 Clemens,
946 3360 1094 3414 molestias
1107 3367 1137 3415 et
1148 3378 1288 3416 maerores

113 3439 145 3489 ct
156 3433 287 3506 pericula
299 3437 329 3485 et
341 3431 444 3502 probra
456 3432 492 3486 ab
505 3431 648 3484 inerudita
660 3429 744 3501 plebe
757 3428 812 3483 tibi
824 3434 956 3495 ventura,
973 3444 1045 3497 quae
1058 3427 1175 3482 fortiter.
1182 3429 1290 3497 poteris

113 3689 142 3760 9)
154 3693 195 3741 Ita
204 3695 230 3740 ct
238 3688 306 3748 nur,
322 3687 382 3738 eod.
391 3689 452 3750 Reg.
463 3681 515 3737 804
523 3703 571 3738 om.
583 3687 685 3745 αἰῶνος
778 3689 838 3756 Cap.
852 3688 979 3738 CXLVII.
1000 3681 1025 3752 1)
1037 3680 1114 3744 ἀξίαι
1126 3687 1157 3736 V.
1170 3713 1204 3722 -
1215 3681 1242 3753 2)
1255 3704 1291 3757 με

115 3775 172 3810 cum
188 3761 238 3824 Ep.
255 3757 332 3807 Clem.
344 3757 418 3804 Hom.
437 3783 470 3792 —-
488 3753 530 3818 10)
554 3755 685 3806 Consentit
726 3751 827 3825 pitina
841 3749 1292 3824 ειΜοιι.-3)καὶιαύτῃμᾶλλον

116 3829 195 3888 Mon,
209 3821 407 3894 εὐεργεθεὶςθ.
728 3826 752 3874 sl
773 3822 894 3895 παραιτῇ
915 3822 1029 3885 adiungit
1048 3823 1097 3887 Ep.
1119 3822 1194 3872 Cleru.
1215 3823 1290 3872 Hom.

726 3887 864 3960 c.3.—4)
878 3879 928 3943 Ιτὸν
939 3885 1024 3956 λόγον
1034 3884 1148 3954 V.-5)
1162 3887 1212 3938 τοῦ
1222 3891 1290 3938 0.-

167 3961 228 4025 Cap.
246 3957 360 4008 CXLVI.
396 3954 423 4024 1)
442 3955 493 4008 τοῦ
510 3957 606 4014 τέλους
622 3957 642 4005 0
660 3961 684 4006 et
727 3956 751 4020 6)
766 3955 803 4016 ὡς
815 3960 845 4008 V.
864 3987 897 3994 —-
915 3953 941 4024 7)
959 3951 1071 4012 πάντως
1086 3955 1155 4003 deest
1170 3955 1197 4002 in
1215 3955 1244 4003 Ο,
1258 3981 1288 3990 -

115 4030 185 4078 Mon.
206 4053 239 4062 ·-
260 4021 287 4085 2)
301 4019 374 4074 οὕτω
387 4025 417 4074 0.
429 4026 533 4074 etMon.
555 4051 589 4060 -
609 4022 635 4083 3)
648 4019 685 4082 ὡς
726 4021 751 4087 8)
769 4025 839 4094 ἐμοῦ
857 4025 940 4077 τοῦτο
956 4021 1051 4080 ἀξιοῦν
1066 4017 1106 4092 μὴ
1127 4022 1292 4089 παυομένου

116 4098 149 4147 V.
162 4123 194 4130 —
213 4091 241 4153 4)
253 4110 312 4160 μου
323 4091 392 4141 deest
403 4093 430 4141 in
442 4094 477 4153 0;
494 4093 562 4141 Mon.
576 4111 636 4176 poe.
650 4119 684 4128 —
727 4096 775 4158 Ep.
789 4094 866 4142 Clcm.
878 4094 953 4142 Hom.
971 4117 1004 4126 -
1024 4085 1050 4152 9)
1070 4089 1216 4138 ἐπίστασαι
1231 4103 1290 4137 con·

116 4159 144 4229 5)
156 4161 216 4212 Ord.
228 4161 280 4210 inv.
292 4153 507 4230 φιλάνθρωπον,
521 4155 614 4227 ἄγνον,
630 4178 683 4210 no·
728 4160 826 4210 oinnius
842 4161 909 4217 Rus,
927 4158 971 4221 qui
986 4157 1063 4206 vertit
1079 4162 1158 4203 crrtuc
1170 4161 1218 4202 erto
1232 4156 1289 4222 (Ep.

117 4227 239 4309 λυμιιθῆ,
253 4222 398 4296 σώφρονα,
414 4221 524 4294 ἀγαθὸν
541 4229 561 4276 0
580 4234 604 4278 et
616 4228 684 4278 Mon.
729 4227 805 4278 Clem.
818 4227 849 4276 ad
858 4225 976 4276 Iacobum
988 4239 1009 4272 o.
1022 4219 1069 4289 3))
1079 4221 1230 4304 interuersa
1243 4223 1289 4274 OV

114 4325 149 4335 -
160 4293 186 4358 6)
201 4295 250 4346 Iov
261 4297 294 4346 V.
726 4310 781 4344 cunr
794 4300 900 4357 utroque
912 4293 987 4341 Hom.
1001 4291 1061 4342 Cod.
1074 4316 1108 4325 —
1122 4285 1164 4350 10)
1177 4303 1248 4342 οσον
1260 4291 1289 4339 0.
