3126 4894
595 361 751 392 nrxmoun
773 365 909 414 triviam,
1275 365 1333 429 181

165 497 267 545 ventus
284 487 373 542 fuerit
391 487 569 557 inculpatus,
588 486 612 540 is
630 487 749 542 donetur
761 487 821 542 vita
833 493 955 544 aeterna.
991 490 1064 544 Nam
1077 490 1126 559 qui
1138 491 1168 543 in
1179 489 1262 544 bonis
1274 509 1336 562 pro-

164 559 226 629 pria
235 557 385 611 voluntate
396 555 585 624 profecerunt,
599 555 690 622 abiis,
704 555 753 625 qui
765 573 815 610 sua
828 574 938 626 quoque
948 557 1095 611 voluntate
1108 558 1138 610 in
1150 559 1225 612 mala
1233 565 1336 614 tracta·

164 627 240 680 tione
250 629 444 694 perseverant,
455 627 611 688 tentantur,
622 623 812 694 exagitantur,
826 625 900 691 odia,
914 625 1052 692 convicia,
1067 625 1196 691 insidias,
1208 625 1335 694 verbera,

164 693 290 758 fraudes,
306 690 478 757 calumnias,
492 690 549 742 vim
561 691 721 759 patiuntur,
735 690 899 745 afficiuntur
911 693 1100 759 contumeliis,
1114 698 1272 762 cunctaque
1286 694 1337 748 illa

164 760 324 831 perferunt,
343 775 394 828 per
407 774 478 827 quae
491 757 568 810 iusta
580 757 693 812 videtur
708 775 770 812 esse
789 760 831 813 ira
845 766 874 814 et
885 759 966 814 ultio.
1001 759 1142 831 Magister
1152 778 1218 814 vero
1232 761 1335 828 sciens,

164 828 237 898 quod
250 827 299 896 qui
311 827 384 879 haec
398 825 503 878 iniuste
516 825 641 890 iaciunt,
662 843 696 880 er
707 827 849 896 prioribus
861 827 989 896 pcccatis
1001 828 1042 881 rei
1056 833 1130 893 sunt,
1144 829 1274 898 quodque
1287 846 1338 898 per

164 902 259 950 sontes
273 894 393 964 spiritus
405 893 533 945 malitiae
546 893 603 946 ista
616 891 716 958 efficit,
729 893 872 947 hominum
886 901 1025 964 quatenus
1039 895 1168 949 homines
1182 903 1261 962 sunt,
1281 897 1336 950 etsi

163 969 278 1033 propter
294 967 416 1031 peecata
432 959 504 1014 facti
521 959 627 1013 fuerint
644 961 772 1016 malitiae
792 962 992 1029 instrumenta,
1011 962 1138 1017 misereri
1155 964 1246 1017 suasit
1267 965 1335 1030 suis,

163 1038 299 1100 tanquam
310 1028 523 1081 misericordiae
537 1028 704 1095 cultoribus,
717 1034 814 1096 utque,
828 1035 963 1100 quantum
974 1031 1004 1084 in
1015 1048 1044 1084 se
1055 1036 1108 1096 est,
1123 1031 1225 1085 iniuria
1238 1031 1336 1086 affecti
1428 1069 1432 1080 ι

163 1097 295 1151 iniuriam
307 1096 449 1150 facientes
462 1113 479 1150 a
492 1095 673 1149 damnatione
686 1096 851 1164 absolvant,
865 1115 919 1167 quo
931 1099 1010 1152 velut
1024 1098 1110 1152 sobrii
1123 1098 1211 1152 ebriis
1224 1117 1336 1153 succur-

162 1172 224 1220 rant
237 1163 455 1236 perorationes,
469 1163 585 1229 ieiunia,
598 1160 825 1232 benedictiones,
839 1183 895 1220 non
906 1166 1075 1231 resistendo,
1088 1183 1145 1219 non
1153 1166 1335 1233 vindicando,

163 1251 213 1287 nec
227 1250 277 1286 eos
292 1235 399 1302 cogant
412 1231 533 1300 amplius
546 1247 673 1299 peceare.
704 1230 774 1285 Cum
788 1233 862 1286 enim
875 1234 979 1304 aliquis
992 1233 1106 1287 omnino
1122 1233 1159 1286 ad
1170 1233 1336 1302 patiendum

163 1300 369 1354 condemnatus
383 1304 436 1364 est,
449 1316 506 1352 non
517 1305 562 1351 est
570 1315 700 1367 aequum,
713 1305 745 1352 ut
755 1301 798 1352 illi
812 1301 950 1356 irascatur
958 1319 1009 1371 per
1018 1318 1101 1370 quem
1110 1301 1227 1369 patitur,
1241 1318 1336 1354 seeum

161 1386 190 1422 re
211 1374 311 1434 utans,
334 1365 424 1434 quod,
447 1365 503 1418 etsi
521 1365 571 1418 ille
588 1383 644 1420 non
662 1367 814 1422 afflixisset
832 1386 909 1435 eum,
929 1375 1024 1422 tamen
1038 1367 1105 1438 quia
1117 1368 1230 1421 omnino
1243 1368 1336 1440 affligi

163 1387 258 1502 debet,
270 1451 322 1504 per
334 1434 421 1486 alium
432 1433 495 1552 pati
509 1433 564 1486 sibi
577 1434 765 1506 contingeret.
803 1435 859 1489 Cur
876 1453 930 1506 ego
947 1435 1007 1488 indi
1031 1453 1081 1488 nor
1092 1435 1228 1489 adversus
1240 1441 1336 1490 aueto-

161 1521 233 1570 rem,
252 1502 302 1571 qui
315 1501 400 1571 plane
413 1518 430 1554 a
462 1501 675 1570 perpessionem
688 1521 749 1556 sum
762 1501 942 1556 destinatus?
972 1453 1029 1556 Sei
1041 1508 1070 1556 et
1084 1502 1186 1569 adhue,
1200 1503 1224 1554 si
1237 1504 1336 1557 eadem

162 1589 224 1625 cum
241 1568 380 1639 improbis
397 1574 549 1638 praetextu
564 1569 683 1624 ultionis
700 1570 851 1636 faciamus,
870 1575 1066 1640 praeterquam
1083 1570 1159 1649 quod
1178 1569 1261 1640 primi
1280 1589 1337 1624 non

162 1656 257 1692 sumus
271 1637 319 1690 vel
332 1636 451 1690 secundi
463 1636 539 1690 idem
551 1636 672 1690 facimus
685 1656 718 1692 ac
731 1638 808 1704 mali,
826 1655 877 1692 nos
891 1637 939 1706 qui
951 1637 1019 1691 boni
1037 1638 1163 1692 dicimur.
1190 1637 1228 1690 Et
1241 1655 1335 1708 quem·

161 1706 314 1760 admodum
326 1704 452 1771 aiebam,
471 1703 615 1774 indignari
627 1723 683 1758 non
695 1711 820 1774 oportet,
838 1723 901 1759 cum
914 1705 1036 1759 sciamus
1054 1724 1071 1760 a
1089 1705 1172 1759 malis
1184 1705 1274 1760 bonos
1286 1723 1337 1775 per

161 1775 217 1828 Dei
232 1772 446 1844 providentiam
464 1772 607 1842 castigari.
645 1772 700 1837 Qui
717 1791 784 1844 ergo
802 1774 910 1828 ultores
922 1791 1007 1844 aegre
1021 1774 1124 1840 ferunt,
1140 1779 1276 1842 tanquam
1288 1775 1336 1842 qui

161 1842 254 1896 aDeo
267 1840 372 1894 missos
386 1840 559 1894 contumelia
571 1838 716 1907 afficiant,
731 1841 913 1920 delinquunt3
931 1845 979 1911 qui
993 1859 1059 1897 vero
1073 1843 1103 1896 in
1114 1841 1207 1911 pretio
1219 1841 1336 1908 habent,
1411 1891 1414 1898 .

161 1915 189 1964 et
199 1909 342 1964 contrarie
353 1908 480 1961 sentiunt
493 1924 561 1979 erga
572 1925 630 1974 eos,
644 1909 692 1978 qui
703 1909 773 1978 ipsis
784 1909 914 1963 iniuriam
925 1909 1027 1964 inferre
1037 1915 1182 1980 putantur,
1193 1909 1224 1962 in
1233 1908 1335 1975 Deum,

161 1977 208 2048 qui
222 1978 266 2030 ita
281 1975 392 2041 statuit,
404 1976 446 2044 pii
460 1981 532 2028 sunt.
552 1975 589 2028 Et
603 1993 657 2046 ego
670 1977 790 2030 adhaec
805 1977 876 2029 dixi:
895 1978 997 2047 Itaque
1011 1978 1059 2046 qui
1072 1977 1182 2031 faciunt
1194 1977 1335 2042 iniuriam,

160 2045 200 2098 rei
222 2062 282 2098 non
303 2048 384 2108 sunt,
407 2043 539 2111 quoniam
560 2043 618 2096 Dei
638 2044 745 2098 iudicio
768 2045 870 2098 iniuria
891 2044 981 2098 iustos
1003 2045 1141 2098 afficiunt.
1177 2044 1337 2114 Respondit

160 2113 278 2166 Petrus:
298 2110 392 2165 Valde
402 2116 535 2230 peceant,
549 2111 654 2230 quippe
668 2113 716 2192 qui
730 2129 760 2166 se
773 2113 810 2166 ad
821 2113 998 2182 peccandum
1007 2114 1121 2168 dedant.
1146 2111 1229 2166 Unde
1242 2113 1336 2166 sciens

163 2179 262 2252 [Deus]
283 2177 372 2231 exiis
391 2177 457 2231 ilos
474 2178 574 2247 punire
612 2179 708 2250 eligit,
731 2181 779 2249 qui
796 2181 831 2234 do
849 2181 989 2250 prioribus
1005 2181 1133 2250 peccatis
1150 2181 1225 2234 iuste
1247 2185 1337 2251 agunt

160 2244 380 2316 poenitentiam,
393 2249 425 2297 ut
438 2245 521 2298 iustis
535 2245 647 2314 quidem
660 2265 711 2316 per
724 2247 775 2301 has
787 2265 893 2318 poenas
905 2248 1093 2315 dimittantur,
1108 2265 1179 2318 quae
1192 2253 1258 2302 ante
1271 2265 1337 2318 poe-

161 2313 315 2368 nitentiam
325 2312 454 2366 fecerunt
466 2313 550 2366 mala.
570 2312 668 2384 Impiis
681 2333 757 2381 vero,
772 2316 820 2384 qui
833 2315 978 2385 castigant
989 2322 1018 2368 et
1030 2333 1130 2372 vexare
1142 2316 1269 2384 eupiunt,
1283 2332 1336 2368 nee

161 2380 372 2451 poenitentiam
390 2380 489 2434 volunt
507 2398 606 2452 agere,
625 2382 662 2435 ad
680 2381 825 2452 implenda
842 2383 949 2436 delicta
960 2383 1136 2451 permittitur
1148 2384 1237 2435 iustos
1251 2382 1336 2435 casti·

161 2466 228 2520 gare
242 2454 274 2503 ct
286 2448 425 2518 affligere.
453 2448 527 2502 Nam
539 2448 647 2518 absque
660 2449 717 2502 Dei
730 2450 879 2502 voluntate
892 2466 984 2518 neque
996 2467 1095 2519 passer
1107 2449 1137 2502 in
1149 2450 1177 2503 la
1198 2466 1282 2510 ueurn
1294 2449 1336 2502 in-

160 2517 256 2571 cidere
276 2521 381 2586 potest.
419 2515 466 2569 Sic
479 2515 615 2568 iustorum
629 2516 716 2570 etiam
729 2516 826 2585 capilli
839 2516 902 2570 Deo
915 2517 1054 2570 numerati
1067 2523 1141 2570 sunt.
1176 2467 1229 2569 iile
1242 2521 1338 2570 autem

162 2585 254 2639 iustus
270 2589 325 2650 est,
339 2583 388 2652 qui
399 2589 515 2663 propter
526 2589 634 2637 rectam
645 2583 785 2637 rationem
797 2590 906 2704 pugnat
920 2603 983 2638 oum
996 2589 1104 2638 natura.
1126 2583 1214 2638 Verbi
1227 2583 1336 2654 gratia:

162 2652 275 2708 eunctis
293 2670 310 2706 a
327 2656 428 2705 natura
446 2651 562 2704 insitum
580 2656 639 2718 est,
662 2651 818 2723 diligentes
856 2651 972 2722 iligere;
997 2652 1089 2706 iustus
1111 2657 1228 2706 conatur
1250 2651 1337 2704 etiam

163 2721 285 2791 diligere
307 2719 438 2772 inimicos
456 2724 485 2772 et
508 2718 735 2773 conviciantibus
757 2720 939 2784 benedicere,
962 2737 996 2773 ae
1017 2729 1164 2790 praeterea
1184 2735 1263 2772 orare
1286 2736 1337 2787 pro

162 2788 309 2852 hostibus,
341 2786 471 2840 iniuriam
495 2785 651 2839 inferentes
676 2787 811 2841 miserari¹
859 2788 998 2851 Quocirca
1028 2805 1058 2840 se
1087 2787 1208 2856 priorem
1235 2785 1338 2840 iniuria

162 2855 240 2910 affici
262 2854 385 2924 patitur,
410 2853 478 2908 item
503 2853 742 2908 maledicentibus
763 2855 924 2920 benedicit,
948 2855 1165 2909 verberantibus
1185 2853 1337 2920 condonat,

162 2923 240 2976 cedit
261 2921 513 3000 persequentibus,
534 2921 640 2974 salutat
661 2938 708 2976 eos
733 2925 781 2993 qui
802 2941 859 2978 non
880 2923 1020 2990 salutant,
1041 2941 1104 2977 cum
1127 2940 1184 2976 non
1207 2921 1336 2978 habenti-

161 2991 214 3044 bus
225 2993 417 3044 commumcat
430 3005 501 3058 quae
514 2987 611 3054 habet,
625 2989 795 3045 irascentem
810 2992 910 3058 flectit,
924 2991 1069 3046 inimicum
1082 2990 1226 3056 conciliat,
1241 2995 1338 3042 eontu-

161 3074 272 3111 maeem
291 3055 434 3123 hortatur,
454 3056 631 3110 incredulum
648 3057 788 3126 instituit,
806 3061 835 3112 lu
858 3066 952 3114 entem
970 3059 1146 3124 consolatur,
1174 3058 1337 3128 exagitatus

163 3125 301 3190 sustinet,
324 3123 435 3194 ingrate
459 3129 596 3192 aceeptus
614 3142 671 3178 non
689 3125 807 3196 indigne
826 3079 896 3194 sint,
919 3145 1076 3196 propensus
1094 3131 1189 3180 autem
1203 3127 1250 3180 ¹ad
1274 3125 1337 3177 dili-

162 3193 287 3264 gendum
300 3191 456 3260 proximum
468 3198 602 3270 tanquam
616 3209 646 3244 se
659 3193 700 3246 ita
713 3193 757 3245 dis
779 3194 889 3260 onitur,
906 3202 937 3248 ut
949 3214 1006 3262 pau
1027 3201 1146 3248 ertatem
1159 3212 1215 3247 non
1227 3193 1337 3257 timeat,
1399 3229 1406 3242 .

161 3278 259 3314 verum
273 3277 325 3312 sua
343 3276 400 3312 non
416 3258 589 3313 habentibus
607 3259 738 3312 dividens
772 3265 802 3312 at
815 3277 928 3330 pauper.
964 3214 1088 3314 Sednec
1121 3266 1254 3314 secantes
1267 3259 1337 3312 ulei·

162 3328 257 3382 scitur.
294 3326 350 3390 Qui
368 3326 442 3380 enirn
462 3325 619 3396 proximum
636 3323 715 3379 velut
734 3344 764 3380 se
786 3326 898 3396 diligit,
920 3329 1085 3395 quemadmo
1108 3345 1154 3378 um
1175 3327 1250 3394 ipse,
1274 3343 1338 3379 eum

161 3393 303 3465 peccavit,
317 3394 372 3447 seit
385 3394 461 3448 nolle
474 3394 504 3446 in
517 3410 547 3446 se
560 3393 757 3460 animadverti,
772 3393 814 3446 ita
826 3411 879 3447 nee
891 3401 1056 3462 peccatores
1068 3393 1209 3463 castigat3
1223 3398 1252 3446 et
1263 3393 1339 3446 sieut

161 3464 222 3516 vult
242 3461 410 3528 demrdeeri,
429 3460 578 3527 benedici,
592 3461 735 3527 honorari,
755 3460 879 3514 omnium
892 3461 1060 3514 delictorum
1073 3460 1185 3514 veniam
1198 3459 1259 3514 aeci
1281 3477 1337 3538 erc²

160 3529 213 3584 hoc
226 3529 290 3600 ipse
303 3529 430 3599 proximo
443 3528 523 3594 facit,
537 3545 620 3598 quem
633 3529 712 3582 velut
726 3545 755 3582 se
769 3535 852 3582 amat.
888 3527 952 3582 Uno
965 3535 1060 3582 autem
1072 3528 1173 3594 verbo,
1193 3545 1247 3596 quo
1281 3527 1338 3580 sibr

162 3597 256 3668 eupit,
275 3596 356 3666 eupit
370 3603 399 3650 et
415 3597 549 3668 proximo.
587 3596 668 3652 Haeo
686 3596 761 3650 enim
779 3601 824 3650 est
844 3596 902 3651 Dei
920 3614 953 3652 ae
969 3595 1169 3667 prophetarum
1187 3595 1246 3664 lex,
1266 3595 1338 3648 haee

161 3871 208 3904 oin.
223 3855 252 3904 Ο.
265 3880 300 3890 -
312 3849 339 3914 7)
351 3849 517 3915 κολάζονται
531 3857 559 3905 0.
572 3883 606 3892 —-
623 3852 650 3917 8)
668 3858 727 3908 λοι·
772 3858 841 3907 deest
858 3859 997 3924 proximum
1019 3857 1081 3910 τοῖς.
1099 3882 1131 3890 -
1151 3853 1193 3921 18)
1213 3851 1252 3922 μὴ
1267 3857 1293 3903 0.
1305 3883 1339 3890 -

163 3917 334 3991 δορούμενοι
349 3921 376 3970 in
391 3923 410 3970 0
423 3923 526 3988 ponitur
542 3929 600 3989 post
617 3923 728 3991 ὃιαβαλ-
773 3922 815 3985 19)
828 3927 890 3975 Lue.
903 3921 944 3986 12,
962 3919 985 3971 6.
1011 3916 1033 3971 7.
1052 3947 1086 3955 -
1106 3918 1150 3979 20)
1168 3917 1240 3971 οὕτω
1258 3922 1286 3972 0.
1306 3949 1339 3956 -

161 3984 285 4046 λόμενοι.
298 4015 332 4024 *
344 3985 371 4052 9)
383 3990 423 4038 Ita
436 3991 478 4038 hie
491 3995 515 4038 et
527 3991 632 4040 subinde
644 3993 728 4054 legen·
772 3989 816 4052 21)
830 3990 1016 4060 &raptemur
1027 3989 1056 4036 Ο.
1066 4015 1100 4022 -
1112 3985 1154 4046 22)
1169 3986 1235 4044 τοὺς
1247 4004 1293 4036 om.
1309 3991 1337 4038 0.

161 4057 220 4105 dum
233 4057 343 4106 etHom.
356 4057 416 4117 XII,
425 4053 467 4118 30,
480 4057 524 4106 uhi
536 4062 618 4109 textus
631 4060 730 4108 videtur
772 4087 806 4094 —
817 4056 861 4116 23)
879 4061 954 4109 Voce.
967 4049 1119 4107 διώκουσιν
1134 4051 1279 4122 ὑποχωρεῖ
1288 4071 1339 4104 non

162 4130 303 4190 corruptus.
321 4149 355 4158 —
372 4121 416 4185 10)
434 4124 518 4192 τοῦτο
532 4127 560 4175 0.
578 4153 612 4160 —-
629 4121 673 4191 11)
685 4127 730 4176 καὶ
773 4132 832 4175 sunt
849 4127 876 4175 in
895 4127 924 4175 Ο.
944 4151 978 4159 -
995 4118 1037 4183 24)
1054 4117 1252 4190 ὀργιζομένους
1265 4123 1294 4171 0·
1308 4149 1338 4159 -

161 4208 209 4240 om.
223 4193 253 4241 Ο.
266 4218 301 4226 -
318 4186 362 4250 12)
378 4192 432 4274 ps‘v
447 4193 476 4242 0.
495 4218 528 4227 -—
548 4189 590 4250 13)
604 4194 732 4262 ποιοῖμεν
773 4190 817 4251 25)
836 4195 912 4244 Voce.
935 4185 1008 4242 οὕτω
1030 4183 1162 4241 διάκειται
1187 4189 1238 4239 des.
1259 4189 1285 4238 in
1307 4191 1339 4241 V.

161 4260 236 4308 Hom,
256 4285 290 4294 -
312 4255 355 4320 14)
373 4276 389 4322 η
408 4259 451 4308 des
467 4259 494 4308 in
516 4259 539 4310 V
561 4265 586 4308 et
606 4261 731 4310 Hom-
773 4260 849 4310 Hom.
874 4259 954 4308 Subse
973 4272 1034 4306 usus
1054 4251 1120 4322 [ὅτι]
1141 4255 1227 4305 addidi
1239 4273 1268 4306 ex
1281 4273 1353 4306 cous

164 4324 205 4392 15)
224 4324 265 4376 ita
284 4330 309 4374 et
325 4325 385 4376 Ood.
401 4327 463 4390 Reg.
476 4320 535 4388 804,
550 4321 644 4378 εἰδότα
656 4328 731 4377 Ηοιιι.
774 4327 877 4376 iectura.
886 4351 920 4360 ·-
929 4274 974 4391 261
988 4322 1019 4375 δὲ
1031 4339 1079 4374 om.
1089 4325 1121 4376 V.
1133 4351 1166 4360 -
1178 4319 1223 4384 27)
1236 4327 1281 4376 καὶ
1293 4341 1339 4375 om.

161 4421 192 4429 —
207 4391 251 4450 16)
266 4391 443 4462 τιμωροῦσιν
456 4395 485 4444 0.
498 4420 531 4429 -
553 4393 595 4460 17)
609 4397 633 4446 εἰ
645 4396 675 4458 0,
688 4395 732 4445 ubi
