3114 4896
564 293 718 344 11110111,
736 293 847 346 raros.
940 311 951 334 ·
1254 278 1295 343 57

141 459 221 496 ensus
234 441 395 496 videbatur.
431 439 494 562 Ego
507 457 572 494 voro
585 441 787 510 superveniens
802 448 830 496 et
843 441 1010 512 magistrum
1028 459 1090 495 cum
1108 442 1224 497 muliere
1238 445 1298 497 col·

122 463 281 580 lquuentem
294 511 336 563 ita
349 515 451 563 nactus
479 527 524 562 arn
535 509 648 574 dudum,
662 509 785 578 inquam,
799 510 934 562 oberrans
945 509 1113 578 quaerebam
1127 517 1171 576 te3
1185 517 1213 564 et
1224 529 1298 566 nunc

121 579 184 648 quid
196 578 362 632 faciendum
380 576 446 630 est?
476 577 578 630 Petrus
592 583 687 630 autem
701 577 864 648 imperavit,
882 584 913 630 ut
932 577 1131 657 praecederem
1143 595 1176 630 ac
1190 577 1219 630 in
1231 578 1298 631 navi

120 653 321 717 exspectarem.
358 645 395 698 Et
414 645 481 714 quia
498 663 553 697 non
573 644 680 698 licebat
702 645 895 700 contradicere
914 663 953 711 61,
977 644 1025 714 qui
1043 644 1085 699 ita
1105 653 1297 714 praeceperat,

119 715 190 784 quod
201 714 298 768 fuerat
312 713 419 766 iussum
431 712 496 766 feci.
532 711 572 764 At
584 712 699 779 Petrus,
717 719 749 766 ut
766 713 828 782 ipsc
845 712 916 766 mihi
929 719 1032 766 cuneta
1044 719 1145 782 postea
1157 713 1297 782 exposuit,

119 783 280 852 suspicione
295 781 400 851 exigua
413 781 442 833 in
452 787 567 850 pectore
576 780 708 848 pulsatus
718 780 913 851 interrogabat
923 781 1069 834 mulierem
1079 780 1192 834 dicens:
1211 779 1299 834 Refer

118 850 192 915 mihi,
206 849 325 914 femina,
339 865 431 918 genus
444 854 472 901 et
486 847 633 901 civitatem
646 855 732 916 atque
748 849 834 902 ctiam
845 848 996 901 liberorum
1006 848 1129 914 nomina,
1144 849 1242 902 statim
1262 865 1298 902 116

116 918 356 970 medicamentum
372 915 427 968 tibi
444 915 560 968 tradam.
597 915 653 969 illa
670 933 751 981 vero,
775 915 879 986 quippe
897 933 969 985 quae
989 921 1139 986 cogeretur
1156 933 1189 970 ac
1207 866 1299 970 nollet

117 985 230 1055 quidem
244 984 341 1036 dicere
356 989 492 1036 ettamen
505 983 686 1052 pharmacum
699 983 829 1052 accipere
843 989 967 1053 cuperet,
982 984 1011 1036 id
1024 989 1184 1038 commenta
1198 989 1251 1051 est,
1264 991 1297 1037 ut

97 1061 101 1074 ·
133 1071 162 1106 10
175 1053 245 1106 aliis
258 1052 370 1104 diceret
383 1051 441 1103 alia
454 1050 593 1119 simulque
607 1068 637 1104 se
652 1049 806 1120 Ephesiam
819 1068 881 1105 csse
894 1052 1101 1120 pronunciavit,
1116 1052 1204 1105 virum
1218 1051 1296 1106 Sicu·

116 1073 184 1186 lum,
204 1118 343 1172 similiter
360 1134 471 1186 quoque
489 1118 573 1170 trium
605 1135 733 1172 uerorum
745 1119 859 1172 nomina
876 1120 1067 1173 commutavit.
1104 1119 1177 1172 Tum
1196 1120 1296 1174 Petrus

115 1189 271 1242 arbitratus
283 1203 347 1240 eam
359 1203 455 1239 verum
466 1185 569 1252 dicere,
614 1203 648 1239 cu
664 1187 773 1252 mulier,
784 1186 886 1256 inquit,
903 1187 1101 1240 existimabam
1111 1205 1155 1240 me
1165 1206 1297 1259 magnam

116 1255 258 1310 laetitiam
276 1253 416 1307 hodierno
435 1253 480 1306 die
497 1253 663 1320 allaturum,
683 1253 843 1324 suspicatus
862 1259 891 1307 te
909 1255 1050 1324 quandam
1063 1272 1140 1320 esse,
1159 1255 1238 1314 cuius
1251 1274 1296 1310 res

114 1323 210 1378 audivi
229 1329 260 1376 ct
278 1321 366 1392 probe
384 1320 458 1374 novi.
494 1320 534 1373 At
551 1321 602 1374 illa
619 1321 760 1376 adiuravit
778 1339 841 1376 cum
854 1321 966 1374 dicens:
995 1322 1050 1376 Oro
1071 1328 1112 1388 te,
1130 1322 1205 1376 refer
1216 1323 1295 1388 mihi,

117 1409 169 1462 quo
182 1391 394 1462 sciam,·utrum
408 1389 626 1442 intermulieres
641 1389 678 1442 sit
691 1389 749 1444 alia
761 1390 911 1460 quaepiam
924 1407 968 1444 me
982 1389 1131 1444 infelicior.

179 1489 381 1544 LXXXVIII.
416 1491 454 1542 Et
466 1490 567 1543 Petrus
578 1491 692 1544 mentiri
705 1491 836 1544 nesciens
854 1496 883 1544 et
900 1489 1008 1560 alioqui
1021 1490 1215 1544 misericordia
1227 1508 1296 1572 erga

116 1560 193 1614 illam
205 1559 361 1623 adductus,
375 1557 450 1626 quql
462 1575 559 1611 verum
571 1565 640 1622 erat,
654 1558 749 1628 coepit
763 1558 864 1612 dicere.
900 1557 953 1611 Est
965 1557 1035 1612 mihi
1048 1557 1161 1626 quidam
1175 1559 1296 1626 iuvems,

117 1645 131 1681 0
142 1627 256 1693 mulier,
270 1643 429 1678 sermonum
441 1625 478 1680 ad
490 1622 599 1680 cultum
611 1625 669 1680 Dei
683 1645 695 1678 s
717 1625 874 1680 ectantium
883 1626 1003 1695 cupidus
1017 1631 1047 1680 ct
1059 1625 1130 1678 civis
1142 1625 1296 1692 Romanus,

17 1699 18 1758 ἶ
118 1695 163 1764 qui
174 1695 248 1748 mihi
261 1693 396 1760 narravit,
410 1711 465 1813 quo
481 1693 564 1748 modo
578 1711 641 1746 cum
652 1645 771 1748 hadistat
783 1699 892 1764 patrem
904 1711 938 1748 ac
954 1694 1024 1746 duos
1041 1693 1143 1747 fratres
1156 1693 1296 1774 geminos,

116 1763 258 1816 neminem
271 1778 367 1814 corum
378 1761 419 1814 vic
429 1766 495 1815 6161.
531 1761 605 1814 Nam
617 1768 708 1815 mater
738 1761 962 1828 uemadmodum,
977 1761 1080 1832 inquit,
1094 1761 1163 1814 mihi
1176 1779 1295 1815 comme-

17 1855 18 1858 ¹
117 1831 245 1884 morabat
257 1834 349 1907 pater,
362 1829 423 1882 viso
436 1829 575 1882 insomnio
593 1846 627 1882 ex
646 1829 714 1883 urbe
754 1847 816 1884 orna
828 1829 866 1883 ad
878 1829 1019 1899 quoddam
1032 1835 1143 1900 tempus
1162 1847 1219 1884 una
1232 1847 1296 1884 cum

117 1898 240 1970 geminis
263 1913 323 1948 suis
343 1897 420 1950 natis
442 1896 544 1962 exivit,
567 1913 602 1950 ne
623 1897 727 1951 misera
747 1903 836 1952 morte
858 1897 1019 1963 decederet,
1041 1904 1127 1967 atque
1151 1916 1215 1952 cum
1237 1897 1295 1950 illis

118 1983 235 2037 egressa
247 1981 323 2017 nunc
336 1981 392 2018 non
405 1964 559 2032 invenitur3
573 1964 633 2017 eius
646 1969 741 2018 autem
752 1966 808 2032 vir,
820 1971 903 2036 pater
914 1983 980 2020 vero
992 1983 1081 2034 meus,
1094 1966 1118 2018 is
1132 1982 1244 2036 quoque
1257 1964 1294 2019 ad

118 2032 311 2104 quaerendam
324 2048 386 2085 eam
399 2031 545 2102 digressus
558 2049 610 2086 nec
623 2032 685 2102 ipse
698 2033 818 2087 inveniri
831 2039 935 2103 potest.

184 2131 355 2185 LXXXIX.
391 2133 437 2186 lta
454 2151 517 2186 cum
530 2133 632 2187 Petrus
650 2133 784 2200 dixisset,
802 2135 903 2189 mulier
919 2152 991 2204 quae
1008 2135 1045 2190 ad
1063 2151 1097 2190 ea
1112 2135 1236 2190 animum
1249 2152 1297 2204 ap-

17 2223 18 2240 *
118 2203 261 2273 plicuerat
279 2206 393 2270 stupore
411 2201 572 2256 exanimata
590 2207 641 2255 est.
677 2202 778 2256 Petrus
801 2209 897 2256 autem
917 2208 948 2256 ut
970 2203 1007 2257 ad
1030 2203 1152 2258 sobriam
1174 2208 1299 2256 mentem

117 2271 224 2324 rediret
236 2269 367 2322 hortatus
380 2267 521 2332 Quidnam
533 2275 586 2336 cst,
601 2269 675 2338 quod
686 2270 803 2340 pateris,
817 2270 1011 2342 interrogavit.
1047 2272 1087 2325 At
1103 2271 1155 2325 illa
1168 2269 1248 2340 quasi
1263 2287 1296 2323 ex

118 2339 260 2392 ebrietate
274 2354 304 2390 se
317 2335 490 2417 recolligens
504 2354 567 2390 cum
581 2354 612 2391 os
625 2337 770 2391 fricuisset
785 2339 823 2392 Et
841 2338 891 2392 ubi
904 2345 962 2404 est,
981 2338 1087 2407 inquit,
1100 2339 1149 2393 ubi
1162 2354 1296 2392 memora-

17 2455 18 2458 ,
117 2413 161 2460 tus
175 2402 312 2459 iuvenis?
335 2403 507 2475 Intellrgens
524 2412 619 2459 autem
630 2421 689 2458 rem
701 2405 803 2458 Petrus
817 2405 862 2457 Tu
878 2406 947 2456 mihi
961 2405 1007 2458 dic
1019 2405 1107 2484 prius,
1125 2405 1231 2474 inquit;
1246 2405 1298 2458 ali-

117 2481 159 2528 ter
176 2472 255 2526 enim
275 2489 338 2525 eum
356 2471 452 2525 videre
469 2490 526 2526 non
542 2473 657 2552 poteris.
694 2472 750 2526 llla
766 2489 831 2526 vero
849 2471 990 2525 festinans
1007 2477 1062 2524 ait:
1081 2473 1144 2542 Ego
1158 2472 1297 2528 6111111110-

118 2539 258 2596 lescentis
271 2547 370 2606 mater,
385 2544 414 2593 et
426 2557 529 2594 nomen
541 2537 584 2593 rlli
598 2546 643 2594 est
656 2537 796 2592 Clemens.
827 2539 888 2602 Quo
900 2539 1001 2592 Petrus
1014 2539 1112 2592 audito
1125 2539 1154 2591 Is
1168 2539 1229 2608 ipse
1243 2544 1297 2604 est,

117 2609 224 2678 inquit,
238 2607 264 2659 is
278 2607 339 2676 ipsc
353 2613 404 2660 est.
441 2607 535 2677 Atque
548 2609 573 2661 is
587 2612 657 2673 crat,
671 2606 719 2676 qui
731 2607 828 2676 paullo
841 2612 908 2660 ante
921 2605 1045 2660 accessit
1058 2612 1087 2660 61
1099 2624 1209 2660 mecum
1221 2608 1298 2661 locu-

116 2683 162 2730 tus
182 2682 243 2742 est,
262 2691 400 2743 quemque
417 2673 447 2727 in
465 2675 530 2729 navi
544 2681 709 2746 exspectare
722 2675 799 2727 iussi.
836 2673 909 2727 Tum
921 2673 972 2728 illa
984 2673 1020 2726 ad
1033 2673 1111 2728 Petri
1129 2691 1223 2746 genua
1234 2692 1297 2745 pro-

117 2745 219 2798 cidens
231 2742 367 2813 rogabat,
384 2746 417 2795 ut
433 2743 470 2796 ad
487 2760 589 2797 navem
624 2749 774 2812 roperaret.
810 2741 848 2796 Et
860 2742 961 2796 Petrus
980 2741 1011 2794 Si
1023 2741 1107 2809 mihi,
1125 2741 1227 2812 inquit,
1242 2759 1298 2797 ser-

117 2830 167 2866 vas
180 2816 279 2882 pacta,
292 2809 346 2863 hoc
360 2827 470 2889 quoque
487 2829 578 2882 agam.
605 2763 670 2868 ,lua
686 2817 781 2864 autem
797 2810 958 2880 respondit:
987 2807 1088 2864 Omnia
1099 2811 1218 2878 faciam,
1236 2817 1298 2866 tan-

117 2887 177 2939 tum
189 2878 263 2931 mihi
276 2876 366 2930 filium
378 2879 558 2948 umgenitum
571 2877 707 2945 ostende,
724 2896 775 2948 per
791 2896 854 2933 eum
891 2879 977 2950 uippe
990 2877 1086 2934 videre
1099 2879 1169 2933 mihi
1182 2879 1300 2934 videbor

118 2953 146 3001 et
164 2947 240 3000 duos
256 2962 335 2998 meos
353 2945 401 3014 qui
418 2945 465 3000 hic
482 2946 585 3000 mortui
604 2951 670 2998 sunt
686 2953 776 3000 natos.
811 2945 855 3001 Ac
872 2895 989 3001 l‘etrus:
1021 2944 1079 3001 Sed
1100 2966 1164 3003 cum
1184 2947 1297 3003 videbis

119 3033 191 3082 eum,
206 3013 307 3084 quieta
319 3031 410 3080 mane,
424 3014 514 3068 donec
528 3031 562 3068 ex
575 3014 668 3068 insula
681 3014 790 3085 egressi
802 3013 945 3070 fuerimus.

185 3113 249 3167 XO.
276 3114 390 3168 Tenens
403 3131 471 3186 ergo
481 3114 559 3167 illius
572 3132 684 3168 manum
696 3115 797 3170 Petrus
811 3134 873 3171 eam
886 3117 923 3170 ad
934 3117 1080 3188 navigium
1094 3117 1182 3172 duxit.
1206 3117 1296 3181 Quem

118 3201 172 3255 ego
188 3183 295 3236 videns
311 3199 395 3235 manu
413 3183 552 3236 deducere
570 3183 716 3238 mulierem
732 3184 795 3250 risi,
814 3191 843 3238 et
860 3186 1001 3239 accedens
1019 3186 1049 3238 in
1065 3186 1200 3240 honorem
1211 3183 1295 3238 ‘illius

118 3269 166 3322 pro
183 3251 249 3321 ipso
267 3267 352 3303 manu
371 3250 473 3304 ducere
491 3267 553 3303 eam
570 3251 653 3304 volui.
694 3250 732 3304 Et
753 3251 837 3304 simul
857 3257 943 3320 atque
963 3251 1050 3321 tetigi
1071 3270 1183 3306 manum
1205 3251 1295 3320 ipsius

118 3335 223 3390 magno
244 3323 381 3386 tanquam
401 3324 491 3372 mater
512 3318 634 3372 clamore
654 3318 733 3375 edito
754 3335 854 3386 meque
876 3320 1023 3387 complexa
1045 3319 1228 3372 vehementer
1250 3334 1297 3370 me

119 3384 211 3439 filiurn
224 3403 306 3438 suum
319 3385 484 3440 deosculata
497 3391 548 3439 est.
583 3386 646 3456 Ego
659 3391 754 3440 autem
766 3384 916 3454 ignorans,
935 3385 1068 3452 quidnam
1079 3385 1121 3436 rei
1133 3388 1219 3448 esset,
1232 3388 1294 3436 tan·

118 3471 201 3524 quam
223 3452 416 3573 inplanientem
435 3453 625 3524 repellebam,
647 3453 786 3523 simulque
806 3451 944 3504 reveritus
961 3451 1076 3503 Petrum
1096 3451 1198 3519 plenus
1219 3466 1295 3502 eram

121 3521 244 3576 amaritu
269 3521 322 3574 'ne

186 3621 264 3676 XCI.
302 3621 375 3675 Tum
392 3623 493 3676 Petrus
512 3619 594 3689 Sine,
611 3621 717 3693 inquit,
736 3620 903 3677 oOlemens.
940 3619 1015 3684 Quid
1032 3619 1107 3673 enim
1123 3619 1187 3692 agis
1199 3619 1241 3674 ita
1251 3637 1294 3675 re·
1356 3657 1361 3666 ·

119 3689 230 3759 pellens
244 3705 316 3756 eam,
330 3707 402 3760 quae
415 3696 445 3744 16
457 3689 589 3761 peperit?
613 3690 648 3743 Id
661 3707 724 3744 cum
737 3707 792 3762 ego
805 3689 957 3756 audissem,
971 3687 1090 3742 multum
1102 3689 1254 3744 lacrimans
1267 3694 1296 3743 et

124 3857 317 3865 Μ...-

122 3966 196 4014 Hom.
215 3966 233 4014 l.
252 3979 287 4026 c.,
305 3969 392 4014 nostra
410 3966 494 4032 rapit,
515 3968 606 4030 Tum,
627 3967 689 4030 001,
785 3966 843 4032 Gap.
861 3966 1007 4016 LXXXIX.
1038 3962 1065 4032 1)
1090 3963 1186 4026 ἑαυτῆς
1211 3963 1294 4023 ΒΟΙ),

124 4029 254 4098 ἐξώρκισε
267 4037 373 4095 utraque
387 4033 478 4084 Clerici
490 4035 528 4084 ed.
733 4038 819 4084 nostra
837 4035 860 4083 E
879 4034 920 4096 it,
941 4032 1038 4096 ἑαυτῆς
1055 4028 1177 4109 611111τῇ1
1198 4029 1229 4076 al.
1253 4044 1292 4094 ap.

172 4101 233 4166 Cap.
247 4099 420 4150 LXXXVIII.
452 4097 689 4170 1111110111-
733 4101 786 4152 cot.
801 4051 877 4168 -2)
889 4104 918 4152 τί
929 4096 962 4164 δή
976 4093 1084 4163 0.-3)
1098 4093 1208 4162 dynvas
1219 4095 1296 4144 inser.

126 4169 182 4224 νίας
201 4166 254 4234 ord.
275 4169 303 4216 Β.
324 4194 357 4202 -
378 4163 406 4234 2)
425 4164 545 4220 torm.
565 4165 689 4236 tdyovV
732 4171 761 4218 B.
779 4165 927 4228 -4)ποῦ
943 4167 1048 4244 01111).ἶ
1068 4161 1127 4214 ποῦ
1144 4161 1221 4242 Ipsis
1239 4163 1293 4212 exh.
1347 4223 1352 4234 ¹

124 4239 222 4283 nostran
235 4233 305 4299 Epit.
327 4241 352 4284 et
369 4235 400 4284 al.
419 4251 458 4302 up.
473 4237 535 4298 Cot,
549 4236 687 4288 1ώ11.....
732 4237 763 4286 al.
782 4253 796 4285 a
816 4275 820 4286 .
839 4236 892 4285 Cot.
911 4232 1022 4284 Subinde
1035 4250 1050 4281 ο
1068 4231 1253 4298 τρυλουμενος
1265 4232 1294 4279 Β.

124 4296 209 4366 λόγον
222 4297 350 4366 Β.-3)
365 4297 521 4360 oirGetal.
535 4319 573 4370 ap.
589 4305 688 4354 001-
732 4302 794 4353 -5
819 4298 1296 4362 foveremBCD,VnostraeEpit.

125 4364 150 4424 ll
165 4363 217 4418 ‘ido
231 4385 278 4417 om.
293 4371 319 4418 C.
339 4396 371 4402 -
393 4366 421 4434 5)
435 4365 524 4428 οὕτως
536 4373 566 4422 al.
581 4387 618 4437 ap.
634 4373 687 4421 (lot.
733 4376 758 4420 et
771 4372 802 4420 al.
816 4386 854 4435 ap.
869 4368 922 4418 dot.
937 4395 966 4402 -
981 4361 1009 4432 6)
1022 4365 1127 4434 μικροῦ
1137 4383 1185 4436 μοι
1200 4365 1226 4414 G.
