3162 4900
397 345 442 394 ao
456 344 654 396 enarrarre
667 344 749 399 ucri.
763 345 947 403 curares.
959 346 1137 402 nomime.
1291 331 1355 397 319

182 490 306 548 πιάσατο.
327 488 433 544 Contra
446 490 546 544 verba:
558 491 605 547 διὸ
617 497 711 563 κρίνας
722 522 756 530 -
767 491 922 564 ἄνθρωπον
939 493 1130 548 construenda
1141 498 1208 548 sunt
1220 510 1284 548 curn
1295 510 1354 549 ver·

181 561 270 614 bisse
292 558 440 612 uentibus:
460 558 475 612 ὁ
489 558 575 613 αὐτὸν
586 564 679 628 σέβειν
690 564 782 616 θέλων
795 560 848 628 τὴν
864 558 967 633 ὁρατὴν
980 560 1069 616 αὐτοῦ
1084 566 1153 634 τιμᾷ
1170 560 1270 628 εἰκόνα,
1284 561 1355 636 ὅπερ

182 631 260 682 ίστλν
271 629 431 698 ἅνθρωπος.
467 625 498 678 Ρ.
511 627 571 690 362,
583 626 649 700 freq.
666 624 728 680 fieri
748 631 845 696 potest
861 633 893 681 ut
909 627 1040 681 codicum
1058 628 1213 698 scriptura:
1236 629 1295 684 οὐδ’
1310 628 1355 684 ὅτι

182 693 283 750 ἑαυτὸν
295 695 411 772 ἕκαστος
423 691 520 756 ἐλθών,
535 693 577 764 ἐφ’
592 701 636 756 οἱς
647 695 792 762 ἐποίησεν,
811 693 848 756 ὡς
859 694 944 756 αὐτὸς
955 693 995 750 ὢν
1006 697 1149 766 αὐθέντης,
1163 695 1249 752 αὐτὸν
1261 696 1354 768 ἤγγει-

182 767 229 817 λεν
247 761 277 814 in
293 761 388 814 verbis
405 759 506 816 ἑαυτὸν
523 767 552 814 et
570 761 657 815 αὐτὸν
673 761 803 815 binarum
819 761 1017 817 recensionum
1033 763 1173 818 lectiones
1191 763 1353 818 servaverit.

181 829 258 899 Ergo
276 828 443 882 alterutrum
460 826 576 880 verbum
595 827 747 882 delendum
763 829 832 896 erit;
855 834 885 883 et
908 845 924 882 e
981 836 1058 884 ostra
1078 831 1193 900 quidem
1210 831 1355 885 sententia

181 897 311 950 alterum.
346 894 392 948 De
405 894 470 948 loco
483 899 622 964 corrupto,
636 895 684 964 qui
696 901 741 949 est
753 915 779 966 p.
793 898 852 963 387,
865 897 882 950 4
894 845 980 1018 νειμ
992 915 1019 967 p.
1031 898 1082 950 314
1095 897 1224 952 diximus.
1258 897 1355 953 Verba

181 964 288 1033 etipsa
301 962 468 1032 depravata,
506 978 559 1016 uae
578 967 643 1016 sunt
658 963 757 1032 p.393‚
772 963 813 1030 14,
832 969 924 1032 tracta
946 963 1018 1017 imus
1031 965 1105 1019 infra
1121 984 1148 1035 p.
1160 968 1219 1020 320.
1254 965 1297 1019 Ex
1308 965 1355 1032 iis,

182 1047 255 1100 quac
268 1030 403 1101 leguntur
415 1048 441 1098 p.
506 1067 514 1094 ,
548 1035 642 1084 raeter
653 1031 740 1084 verba
752 1049 777 1084 v.
792 1033 824 1085 15
830 1047 870 1100 sq.
883 1031 989 1102 posita,
1007 1033 1150 1102 quaejam
1161 1032 1259 1103 paullo
1272 1049 1358 1119 supra

181 1099 341 1151 incensum
353 1095 525 1164 vocavimus,
558 1113 593 1150 uc
605 1097 750 1166 pertinent
761 1116 786 1151 v.
800 1099 831 1150 18
842 1115 899 1168 sq.:
916 1098 931 1152 ὁ
945 1102 974 1154 δὲ
989 1099 1085 1172 ἕτερόν
1098 1122 1124 1155 τι
1136 1106 1278 1172 γενέσθαι,
1292 1123 1315 1162 ο,
1329 1123 1356 1156 τι

181 1171 268 1229 θέλει,
281 1165 321 1239 μὴ
333 1163 496 1238 δυνάμενος,
509 1162 547 1227 ὥς
560 1163 744 1238 ὑποκείμενος
756 1167 789 1240 τῇ
801 1165 888 1222 αὐτοῦ
900 1165 993 1238 φύσει,
1006 1166 1205 1235 θνητόςέστιν,
1218 1165 1268 1220 ubi
1276 1183 1355 1236 prae·

182 1238 260 1286 stare
277 1247 393 1351 cepspo:
414 1230 514 1350 ιίξιιοῦ,
531 1236 565 1284 ut
583 1248 667 1351 supra
682 1250 708 1301 p.
722 1232 781 1299 299,
793 1233 856 1302 9sq.
884 1233 929 1312 De
946 1233 1011 1288 loco
1019 1274 1037 1318 ,ἶ
1044 1234 1093 1303 qui
1106 1239 1151 1318 est
1161 1252 1188 1303 p.
1200 1231 1261 1319 ἱ493,
1269 1235 1354 1319 ,lss'sq

182 1315 449 1486 ῗὲἷἚέάὲᾒμι·
462 1299 1357 1486 tirsit.t†tt¹.t⁸t.t{35tdttt.tatt‘firritati:

183 1434 979 1571 {tuti⁸...tttttt..tttttrtttttaititt
995 1436 1147 1568 3339λὲ.
1162 1436 1356 1575 &iiiiii

184 1570 228 1624 ὅτι
250 1567 289 1642 μὴ
308 1572 404 1625 ἔθελεν
421 1569 490 1643 ὁρᾶν
506 1568 573 1643 τοὺς
590 1567 676 1622 αὐτοῦ
693 1567 771 1630 υἱοὺς
784 1571 937 1630 Ἰουδαίους
953 1575 1166 1642 γεγενημένους,
1186 1568 1236 1622 ubi
1252 1569 1355 1622 vellem

183 1636 321 1706 scriptum
333 1641 425 1689 esset:
437 1638 534 1700 αὑτοῦ,
547 1651 583 1689 ne
595 1635 674 1689 locus
686 1651 832 1705 perperam
848 1636 942 1715 accipi
959 1636 1000 1691 ita
1015 1642 1126 1707 posset,
1145 1636 1226 1706 quasi
1239 1635 1274 1689 de
1287 1633 1356 1689 filiis

183 1702 305 1758 Simonis
318 1720 409 1756 sermo
422 1710 508 1758 esset.
522 1733 554 1744 ·—
570 1703 731 1756 Redeamus
740 1705 802 1772 jam
818 1704 848 1758 in
861 1706 1000 1770 ordinem,
1015 1721 1058 1768 ea,
1071 1720 1144 1774 quae
1157 1705 1192 1758 ad
1205 1704 1295 1784 12:388
1308 1703 1356 1757 ad-

182 1771 308 1826 notanda
319 1776 443 1836 restant,
456 1771 487 1824 in
499 1771 623 1824 medium
654 1770 780 1826 relaturi.
810 1773 844 1827 V.
857 1772 891 1824 12
903 1772 1034 1826 lacunam
1052 1789 1125 1842 quae
1143 1777 1188 1826 est
1204 1776 1279 1825 mter
1295 1775 1356 1827 ἔθει

183 1845 213 1893 et
226 1838 309 1912 παρά,
322 1837 427 1919 aliquis
438 1838 515 1892 dicat
525 1788 695 1908 expungam
705 1855 768 1892 esse
778 1839 828 1908 ita,
840 1845 873 1893 ut
881 1838 1042 1893 inserantur
1052 1840 1154 1894 verba:
1168 1861 1206 1896 κα
1216 1846 1224 1894 i
1236 1841 1306 1911 γάρ.
1325 1837 1355 1892 Si

184 1911 281 1960 tamen
293 1906 404 1976 aliquid
417 1906 541 1960 dandum
553 1906 589 1970 ei,
621 1905 686 1972 uod,
699 1912 732 1959 ut
740 1905 881 1961 Drcsselii
892 1906 988 1961 verbis
996 1912 1116 1974 utamur,
1129 1924 1213 1976 supra
1225 1907 1356 1960 lacunam

183 1971 286 2045 signa*
298 1979 445 2044 apparent,
455 1973 552 2044 potius
562 1991 617 2027 scri
640 1979 704 2027 atur
714 1980 837 2044 oportet:
850 1973 867 2043 ἢ
879 1975 928 2039 οὐ,
943 1990 998 2044 quo
1011 1973 1089 2028 facto
1102 1973 1189 2028 verba
1197 1973 1227 2028 in
1239 1973 1356 2027 interro-

204 2041 300 2095 atione
313 2057 377 2096 esse
389 2041 484 2111 posita
497 2041 679 2094 statuendum
691 2043 752 2095 crit.
764 2074 799 2082 —
810 2042 846 2097 V.
860 2043 893 2096 13
906 2058 978 2114 quae
991 2042 1131 2112 reperitur
1142 2042 1246 2096 lacuna
1256 2041 1357 2112 procul

183 2060 271 2163 fiubio
299 2108 341 2162 ita
357 2108 500 2179 explenda
516 2117 574 2177 est,
595 2114 627 2162 ut
648 2108 802 2163 scribatur:
821 2108 1023 2180 χαλεπώτατον
1040 2108 1301 2198 ἀπαγορεύεται.
1322 2138 1358 2148 -

182 2177 218 2232 V.
233 2177 312 2246 l9sq.
325 2175 368 2230 ita
380 2175 516 2246 scriptum
529 2182 582 2242 est,
596 2181 724 2245 exparte
737 2177 773 2231 de
786 2179 965 2246 conjectura:
982 2182 1027 2231 καὶ
1043 2176 1120 2232 ἄλλοι
1133 2195 1234 2248 σαρκας
1246 2175 1357 2249 ἀνθρώ-

183 2265 247 2329 πωγ
264 2247 423 2308 ίσθίοοσιν,
447 2250 492 2298 καλ
516 2245 549 2298 οὐ
565 2241 829 2330 μυράττονταιχκαλ
847 2247 937 2330 ἓτρροι
956 2243 989 2330 rui:
1004 2248 1097 2302 κυνῶν
1112 2251 1157 2329 :epi
1175 2246 1243 2301 άλλοι
1254 2243 1305 2319 άρο
1325 2267 1358 2300 τα

182 2308 991 2450 33999,339393ξυνιλρυσελρν
1011 2330 1357 2451 σεθυυντυρ

183 2465 292 2503 σονσιν.
327 2444 367 2499 A:
386 2447 473 2500 verba
490 2453 536 2501 καὶ
553 2449 643 2514 ἕτεροι
663 2451 755 2510 κυνῶν
771 2463 806 2500 ex
842 2447 997 2517 raegressis
1017 2445 1194 2517 cogitatione
1220 2449 1357 2516 supplen-

183 2515 264 2568 dum:
284 2512 386 2588 σάρκας
401 2517 557 2570 ἐσθίουσιν.
593 2514 713 2570 Scilicet
731 2465 887 2569 securium
905 2513 982 2568 Sext.
999 2512 1105 2585 Empir.
1122 2531 1150 2584 p.
1168 2512 1218 2566 184
1241 2519 1357 2587 Θρᾳκῶν

184 2587 256 2642 ἔνιοι
270 2589 442 2652 κυνοιραγεῖν
457 2585 645 2652 ἱστοροῦνται.

217 2650 248 2702 Ρ.
261 2648 319 2713 389,
331 2651 348 2702 2
360 2665 395 2702 ne
409 2648 473 2718 quis
486 2647 559 2703 forte
572 2651 704 2705 mendum
719 2648 810 2703 latere
829 2648 986 2716 existimet,
1004 2664 1119 2715 moneo,
1136 2647 1226 2702 verba
1238 2647 1279 2703 sic
1293 2666 1357 2704 esse

183 2716 388 2771 construenda:
405 2715 536 2784 αἰσθήσει
550 2717 607 2773 ὑπὸ
624 2720 708 2779 ἔθους
722 2721 888 2786 ἐκτραπείση
902 2720 953 2772 τοῦ
964 2715 1033 2772 κατὰ
1045 2716 1140 2788 φάσιν,
1160 2732 1196 2782 „e
1209 2733 1296 2770 sensu
1308 2715 1358 2786 qui

182 2801 260 2838 more
273 2783 370 2853 aliquo
379 2799 495 2837 aversus
505 2790 550 2838 est
559 2785 595 2839 ab
606 2803 649 2851 eo,
662 2784 740 2855 quod
751 2775 1041 2855 naturae'congruens
1054 2788 1125 2837 cst.“
1138 2815 1172 2822 —
1182 2783 1215 2838 V.
1227 2784 1246 2837 4
1256 2784 1357 2838 verba:

184 2852 230 2907 ὅτι
243 2883 276 2891 -
287 2855 380 2926 κλοπῇ
392 2851 485 2915 οὐδεὶς
497 2855 544 2908 ἐπὶ
563 2857 596 2918 τῆ
615 2855 717 2910 ἑαυτοῦ
728 2853 837 2908 κολάσει
851 2851 961 2918 ἔδεται,
975 2850 1140 2922 significare
1152 2867 1209 2905 non
1220 2857 1358 2921 possunt:

183 2937 290 2990 „quum
319 2936 392 2973 oena
400 2919 435 2972 ob
446 2919 552 2974 furtum
563 2921 618 2976 sibi
627 2920 738 2975 inflicta
746 2921 842 2974 nullus
853 2877 1036 2974 ‹ielectetur“.
1056 2916 1177 2973 Omnino
1190 2935 1247 2973 non
1256 2919 1356 2989 liquet,

183 2987 254 3056 quid
274 2937 331 3039 sigi
349 2986 421 3040 velit
444 2989 672 3044 commemoratio
689 2987 772 3053 furti,
791 3005 876 3058 quum
894 3003 985 3041 sermo
1002 2987 1040 3040 sit
1058 2986 1093 3040 de
1113 2986 1209 3043 caede.
1243 2987 1357 3058 Ergone

204 3060 318 3108 osuerat
331 3053 373 3108 sic
386 3053 521 3124 scriptor:
540 3055 596 3125 (ὅτι
611 3060 711 3130 μηθεὶς
721 3056 771 3126 —)
787 3062 833 3110 καλ
849 3077 915 3112 κοπ
924 3055 961 3124 ὴν
974 3061 1050 3117 θελς
1061 3058 1110 3110 ἐπὶ
1122 3054 1209 3108 cett?
1226 3055 1357 3111 Vocabu-

182 3073 243 3176 λλιιο
255 3120 329 3191 κοπὴ
342 3121 488 3188 „caedem
499 3128 642 3193 stragem“
657 3122 803 3202 significat
815 3123 845 3176 in
855 3141 899 3193 cp.
911 3123 948 3177 ad
957 3123 1105 3177 Hebraeos
1117 3122 1259 3190 v11‚1.-
1270 3123 1358 3178 Prae-

183 3196 264 3244 terea
281 3189 399 3260 dignum
415 3193 473 3256 est,
490 3189 529 3242 ad
549 3189 624 3258 quod
641 3207 704 3268 quis
721 3189 845 3243 animum
865 3190 1009 3257 advertat,
1030 3189 1160 3244 verbum:
1184 3190 1359 3246 αὐτοπαθεῑν

78 3269 82 3276 ’
183 3258 283 3328 paullo
296 3273 380 3326 supra
392 3255 560 3310 adhibitum.
584 3256 638 3310 Est
650 3273 725 3310 emm
737 3272 888 3325 perrarum.
908 3287 942 3297 —
963 3256 1125 3340 Sequuntur
1136 3275 1161 3310 v.
1173 3257 1257 3326 isqq.
1270 3257 1359 3310 verba

184 3330 331 3394 compta:
348 3323 399 3379 κᾶν
412 3322 463 3380 οὖν
475 3323 537 3386 ἑνὸς
554 3323 694 3410 οὐάάποτε
706 3323 938 3410 ὁμολογουμένου
951 3324 1022 3378 εἶναι
1031 3321 1222 3444 αμαρτὴμυτα,
1235 3327 1263 3383 ἐξ
1273 3322 1358 3396 ἀνάγ-

183 3413 232 3462 κης
244 3397 289 3446 καλ
301 3400 362 3464 τρίτ
382 3398 502 3462 νκρίσιν
515 3392 585 3459 πρὸς
597 3391 658 3450 τινά
677 3390 823 3463 Ἰοιρτήμονα
837 3393 928 3462 ορθῶς
940 3391 1001 3446 ἔστι
1013 3409 1089 3462 προσ
1109 3394 1184 3444 οκάν.
1219 3389 1357 3446 Tentavit

183 3460 278 3514 locum
286 3459 347 3528 jam
359 3415 532 3512 {ihrhornics
545 3462 563 3515 1.
577 3477 599 3514 c.
613 3479 640 3530 p.
654 3415 712 3525 ies,
732 3459 796 3512 adn.
811 3460 853 3526 70,
866 3474 962 3511 verum
976 3457 1029 3522 ita,
1047 3464 1080 3510 ut
1097 3455 1164 3509 ferri
1175 3474 1232 3512 non
1243 3458 1356 3538 possint

184 3527 276 3598 ipsius
289 3527 481 3595 conjecturae.
511 3527 602 3582 Nobis
614 3543 672 3581 non
683 3525 841 3580 tamverba
859 3523 909 3582 οὖν
921 3525 985 3586 ἐνὸς
999 3523 1136 3578 mendosa
1149 3540 1212 3578 esse
1224 3525 1359 3578 indentur

203 3612 269 3649 uam
280 3593 451 3648 vocabulum
463 3593 618 3664 οάδήποτε,
657 3612 688 3649 ro
705 3611 760 3676 quo
772 3611 803 3648 re
824 3592 965 3648 (mendum
996 3591 1172 3661 reponimus:
1193 3581 1232 3648 οὗ
1243 3592 1357 3660 δήποτε.

183 3611 270 3716 gorm
282 3661 371 3715 verba
379 3666 424 3716 καὶ
436 3668 538 3734 τρίτην,
553 3663 583 3716 in
593 3613 695 3732 (μάλιστ
704 3679 768 3731 Jure
782 3612 904 3716 offendit
912 3610 1097 3725 Uhlifomiuc
1109 3659 1246 3713 mutanda
1255 3675 1357 3714 cense—

183 3747 246 3783 mus
259 3729 302 3782 in:
315 3735 360 3784 καὶ
371 3728 411 3784 κά
440 3751 479 3784 τα
493 3729 559 3799 τὴν,
570 3762 604 3770 -
617 3730 652 3785 V.
663 3730 695 3783 14
701 3747 760 3800 sqq.
770 3728 935 3784 Dressclius
946 3726 1053 3782 codicis
1065 3724 1088 3781 O
1101 3725 1269 3798 scripturam
1280 3743 1356 3782 rece·

204 3799 228 3850 it
239 3796 363 3851 hancce:
378 3797 428 3851 ἀλλ
448 3798 544 3868 ἵναμὴ
557 3797 663 3860 δόξωσί
672 3818 746 3860 τινες
758 3801 814 3853 τῶν
827 3793 1026 3867 παρεστώτων,
1040 3795 1084 3851 ὅτι
1098 3794 1227 3851 ἀδυνατοῖ
1239 3794 1311 3868 πρὸς
1324 3793 1356 3850 τά

185 3864 243 3920 υπὸ
257 3867 311 3920 σοῦ
322 3867 444 3985 &ptimo
458 3864 666 3936 ἀποκρίνασθαι
682 3865 862 3937 (προφάσεως
874 3869 959 3936 ιλιαμη
979 3867 1099 3938 ανῶμαι)
1117 3865 1171 3949 ἐρῶ
1184 3867 1252 3916 cett.
1286 3862 1356 3916 Pos-

183 3939 276 3987 trema
295 3948 345 3986 ver
366 3948 383 3985 a
404 3947 489 3986 sensu
505 3931 619 3986 omnino
641 3949 724 3986 cassa
739 3937 813 3984 sunt.
843 3931 962 3986 Scriben
984 3949 1043 3985 um:
1062 3929 1308 3993 &turicremis
1325 3959 1357 3969 -

183 4003 402 4072 ἀποκρίνασθαι,
417 4021 482 4073 προ
493 3999 618 4072 φάσεις
629 4002 850 4118 ιλιαμηίανῶμαι.
869 3998 1031 4070 Προιράσεις
1044 3996 1254 4096 διαμιγνανῶμαι
1269 3995 1358 4117 ερμιιῙίᾱ

184 4067 529 4187 ίὶοοῐτᾶμτεολειλοείιιο
542 4067 571 4120 lo
591 4084 621 4120 ur
634 4084 704 4137 opus
738 4065 838 4120 abeam
862 4066 1082 4119 moliorsummo
1095 4062 1218 4115 studio‘.
1306 4104 1311 4113 .

184 4139 272 4208 legen
294 4152 353 4188 um:
370 4133 484 4208 άράγε.
503 4167 538 4175 -
583 4135 637 4188 ,18
648 4133 855 4202 reponendum:
877 4133 943 4190 οὐδὲ
959 4131 1041 4205 μὴν,
1059 4129 1134 4200 quod
1146 4129 1239 4200 ipsum
1250 4129 1359 4202 legitur
1438 4184 1445 4195 ,

184 4203 283 4278 paulic
296 4201 378 4268 infra,
392 4221 419 4272 p.
431 4204 491 4268 390,
504 4204 528 4257 6.
540 4233 574 4242 -
586 4201 621 4256 V.
634 4202 668 4256 20
681 4199 815 4270 scriptum
828 4199 966 4269 oportuit:
982 4203 1051 4256 ἔστι.
1123 4225 1125 4232 ·

250 4270 281 4323 P.
294 4270 354 4336 390,
367 4273 384 4322 2
415 4288 445 4324 ro
459 4271 515 4326 οὔτ’
530 4269 581 4327 οὖν
593 4267 759 4340 legendum:
778 4267 889 4324 οὔκουν.
908 4293 945 4308 -
962 4265 996 4338 V.
1011 4267 1067 4320 10:
1089 4282 1116 4335 q.
1129 4265 1217 4322 verba
1232 4266 1274 4322 ita
1292 4284 1357 4324 con·

185 4337 283 4392 stituit
294 4289 474 4394 Dresstfiius:
487 4338 535 4396 ὅτε
544 4338 632 4394 αὐτοῦ
643 4343 688 4393 καλ
698 4335 713 4406 ἡ
725 4339 823 4410 κρᾶσις
832 4333 963 4410 εὔκρατός
971 4339 1059 4402 ἔστιν,
1069 4284 1118 4391 λνα
1126 4334 1166 4406 μὴ
1176 4335 1264 4401 ὀξείας
1280 4333 1357 4412 [φάν]
