3114 4896
552 309 704 362 armeus
723 309 832 360 raros.
1240 291 1279 355 61

117 463 228 527 faceres,
243 461 296 514 sed
309 466 342 513 ut
354 457 505 512 veritatem
519 457 673 528 loquereris
686 456 790 512 effatus
803 475 843 522 es,
857 455 962 510 videris
973 454 1040 508 mihi
1051 456 1189 526 ignorare,
1203 473 1287 525 quae·

116 547 174 583 nam
188 528 225 581 sit
238 545 285 581 ma
330 525 410 580 itudo
423 523 624 590 humanitatis,
643 539 714 594 quac
732 531 777 579 est
789 541 866 578 amor
878 524 907 576 iu
920 522 1077 592 quemlibet
1089 529 1227 591 quatenus
1240 523 1288 578 ho·

113 597 209 650 minem
223 602 253 649 et
266 613 283 648 a
306 611 377 664 sque
391 593 449 646 ullo
462 592 584 646 naturali
597 591 710 646 affeetu.
736 591 792 645 Sed
805 609 858 645 nco
870 589 921 644 hos
944 608 983 656 es,
995 607 1067 659 quae
1080 596 1198 642 matrem
1210 595 1287 644 tuam

112 683 142 719 er
160 662 312 734 naufragio
331 660 472 730 suscepit,
498 660 621 714 humana
641 677 658 713 a
678 676 722 712 me
744 659 861 712 dicetur.
935 657 1100 712 iserioordia
1116 657 1191 710 enim
1213 675 1286 711 cem·

112 749 203 853 pressa
218 730 345 800 impulsa
362 734 407 782 est
425 728 462 781 ad
478 727 551 781 bene
569 726 731 780 faciendum
748 726 858 780 mulieri
875 725 1054 796 naufragium
1073 742 1188 795 passae,
1206 731 1289 778 natos

123 799 230 870 rgenti,
244 797 424 868 peregrinae,
438 796 541 861 nudae,
555 794 720 860 destitutae,
733 795 909 863 multumque
920 793 1099 848 calamitates
1110 811 1175 848 suas
1185 793 1290 847 lamen-

111 866 188 920 tanti.
225 865 260 918 In
278 863 369 918 tantis
388 880 456 933 ergo
473 861 696 916 adversitatibus
713 867 871 915 versantem
891 861 953 930 quis
970 860 1071 916 videns
1087 879 1144 915 non
1157 861 1242 916 etiam
1255 877 1289 914 ex

111 933 200 1004 impiis
215 932 370 986 miseratus
383 928 507 984 fuisset?
537 929 629 994 Quare
642 946 819 1000 nequaquam
836 928 1021 983 humanitatis
1041 946 1111 999 opus
1124 947 1177 984 nec
1189 928 1291 982 mulier

112 1002 158 1055 hos
180 1001 223 1054 ita
237 1017 308 1070 erga
320 1016 382 1053 eam
395 997 541 1068 peregisse
555 997 677 1063 videtur,
692 997 743 1050 sed
755 998 793 1050 ad
804 995 975 1051 beneficium
988 1001 1064 1050 mota
1081 995 1169 1051 fnisse
1181 996 1289 1050 miseri-

112 1021 203 1122 cordia
223 1084 259 1121 ex
278 1065 408 1136 plurimis
425 1065 553 1119 adversis
570 1071 639 1118 orta.
675 1064 789 1118 Etenim
806 1081 908 1144 parens
926 1071 976 1118 tua
998 1064 1184 1118 facultatibus
1201 1065 1288 1118 abun·

112 1138 175 1189 dans
189 1141 221 1190 et
233 1134 380 1204 hospitam
392 1141 569 1188 remunerata
581 1150 638 1186 non
650 1131 851 1198 humanitatis,
868 1150 964 1186 verum
980 1132 1083 1186 amoris
1100 1150 1170 1202 opus
1184 1131 1288 1186 effecit.

112 1203 197 1257 Multa
220 1207 319 1256 autem
343 1201 496 1254 intercedit
517 1199 680 1254 differentia
701 1216 823 1254 amorem
840 1199 915 1255 inter
934 1205 963 1253 ot
985 1199 1205 1266 humanitatem,
1223 1199 1290 1268 quia

111 1289 182 1326 amor
200 1269 319 1340 quidem
337 1285 371 1322 ex
389 1268 614 1322 remuneratione
632 1272 689 1332 est,
710 1265 872 1321 humanitas
888 1285 954 1320 vero
972 1267 1080 1336 absque
1097 1269 1156 1320 ulla
1167 1265 1290 1320 naturali

111 1337 299 1408 propensione
319 1336 462 1390 hominem
483 1353 606 1401 omnem,
628 1339 767 1404 quatenus
788 1334 871 1388 homo
889 1339 948 1399 est,
973 1334 1070 1404 diligit
1090 1352 1124 1388 ac
1140 1333 1290 1388 benefieiis

112 1405 207 1460 afficit.
246 1405 349 1473 Itaque
371 1404 395 1457 si
414 1421 448 1458 ea
464 1403 582 1474 hospes,
601 1419 673 1472 quae
692 1402 808 1456 miserta
821 1408 878 1467 est,
897 1402 983 1455 etiam
1001 1399 1098 1456 hostes
1116 1403 1189 1456 male
1208 1401 1242 1455 de
1255 1418 1290 1455 ea

112 1474 226 1527 meritos
239 1472 376 1526 miserata
387 1469 529 1526 beneficio
542 1470 684 1537 afficeret,
702 1469 825 1538 humana
837 1475 929 1535 esset,
947 1468 991 1521 sin
1008 1486 1073 1522 vero
1084 1475 1205 1548 propter
1221 1469 1290 1538 quid

112 1541 199 1594 amica
219 1547 266 1593 est
284 1540 331 1593 vel
347 1539 477 1604 inimica,
493 1539 565 1593 haee
582 1539 674 1592 amica
686 1537 808 1592 alicuius
820 1537 871 1602 rei,
884 1553 956 1606 quae
969 1553 1055 1590 causa
1068 1543 1120 1606 art,
1137 1537 1229 1590 amica
1245 1544 1289 1590 est

111 1610 151 1662 vel
162 1607 293 1673 inimica,
306 1624 363 1660 non
375 1613 471 1661 autem
482 1606 612 1661 hominis.

177 1705 286 1761 XCIV.
322 1707 360 1760 Et
377 1723 432 1779 ego
447 1707 595 1778 respondi:
622 1707 688 1761 Non
705 1723 772 1778 ergo
789 1705 844 1761 tibi
857 1707 1042 1760 videturesse
1055 1707 1176 1760 humana
1189 1705 1291 1758 saltem

112 1776 227 1846 hospes,
261 1791 315 1828 uae
329 1775 358 1827 in
370 1775 557 1846 peregrinam,
572 1792 655 1844 quam
667 1791 723 1828 non
735 1781 861 1841 noverat,
874 1772 1044 1828 beneficium
1058 1769 1199 1828 cont-ulit?
1218 1771 1291 1826 Tum

111 1845 229 1898 Petrus:
282 1859 326 1896 arn
344 1843 458 1912 quidem
474 1843 685 1897 misericordem
702 1843 846 1912 appellare
862 1841 944 1908 nevi,
960 1841 1110 1896 humanam
1123 1847 1216 1894 autem
1235 1859 1291 1895 non

111 1912 200 1966 audeo
218 1909 327 1976 dicere,
359 1911 453 1964 nando
474 1910 570 1964 uidem
582 1927 635 1964 nec
647 1915 765 1964 matrem
774 1919 917 1964 amantem
930 1910 1089 1976 liberorum,
1102 1909 1207 1979 quippe
1220 1925 1291 1978 quae

111 1985 241 2049 apartus
255 1925 401 2032 doloriirus
415 1983 473 2032 eta
505 1977 674 2032 educatione
687 1979 723 2032 ad
737 1977 916 2049 diligendum
926 1979 1072 2048 compulsa
1083 1977 1129 2030 sit.
1153 1977 1291 2041 Quemad-

112 2047 225 2100 modum
244 2045 321 2099 enim
339 2045 387 2114 qui
404 2045 538 2115 cupidine
556 2045 745 2099 inflammatur
765 2063 782 2099 a
800 2046 1006 2099 consuetudine
1023 2046 1175 2111 mulcetur,
1197 2045 1291 2115 etqui

113 2131 206 2168 amore
228 2113 412 2183 prosequitur
432 2131 449 2166 a
471 2113 710 2179 remuneratione,
732 2112 773 2166 ita
794 2119 823 2166 et
844 2113 891 2194 qui
915 2113 1098 2168 miseretura
1119 2113 1291 2168 calamitate.

111 2181 252 2236 Attamen
264 2179 425 2234 misericors
442 2181 565 2235 humano
577 2180 689 2233 vicinus
702 2185 761 2246 est,
779 2198 910 2250 quomam
928 2181 1035 2251 absque
1052 2181 1112 2235 ullo
1125 2187 1246 2251 quaestu
1258 2199 1291 2235 ac

112 2265 228 2302 munere
242 2249 281 2302 ad
312 2248 494 2301 raestandum
506 2246 678 2302 beneficium
697 2247 798 2314 fertur,
816 2251 868 2303 sed
883 2251 1007 2302 nondum
1022 2248 1161 2302 humanus
1174 2255 1225 2304 est.
1255 2251 1292 2302 Et

112 2335 165 2388 ego
179 2316 255 2368 dixi:
306 2314 414 2384 bquas
432 2316 521 2388 igitur
532 2316 660 2370 actiones
672 2315 810 2369 humanus
826 2317 889 2385 quis
908 2333 972 2370 esse
988 2315 1103 2396 potest?
1132 2316 1293 2397 Respondit

112 2385 229 2438 Petrus:
250 2382 326 2446 Quia
342 2383 425 2437 video
446 2389 476 2437 te
494 2384 628 2453 cupidum
645 2383 794 2450 audiendi,
813 2385 954 2452 quodnam
972 2390 1009 2437 sit
1026 2383 1212 2438 humanitatis
1230 2382 1292 2436 offi-

113 2453 196 2518 cium,
211 2467 271 2504 non
283 2450 312 2520 pi
337 2451 511 2505 ebitdicere.
547 2451 829 2516 Humanusilleest,
866 2451 895 2503 ui
909 2451 996 2504 etiam
1010 2467 1078 2520 erga
1090 2450 1220 2504 inimicos
1255 2452 1292 2504 la·

113 2519 176 2574 cide
189 2535 225 2572 ac
238 2468 373 2572 munifice
393 2535 422 2572 se
440 2519 522 2590 gerit.
557 2518 640 2582 Quod
651 2524 746 2571 autem
762 2517 804 2570 ita
815 2468 933 2583 haireat,
946 2517 1098 2572 manifesto
1110 2517 1185 2570 audi.
1220 2541 1230 2569 r
1253 2517 1292 2570 ihi

113 2587 226 2658 cogita,
248 2585 456 2640 humanitatem
474 2603 507 2640 ex
526 2585 635 2640 duabus
652 2585 782 2665 partibus
799 2591 943 2650 constare,
966 2602 1082 2654 quarum
1102 2602 1158 2638 una
1179 2585 1292 2705 quidem

114 2653 314 2708 misericordia
327 2653 373 2720 sit,
387 2655 477 2708 altera
489 2671 555 2707 vero
569 2653 687 2707 dileetio
700 2652 730 2705 in
742 2652 912 2722 proximum,
924 2652 1066 2722 proximus
1079 2657 1173 2706 autem
1206 2652 1293 2706 omini

112 2729 156 2776 est
169 2721 296 2791 quilibet
308 2720 405 2788 homo,
427 2728 456 2775 et
473 2739 530 2775 non
547 2721 613 2790 quia
630 2738 703 2774 unus
720 2719 812 2774 homo.
848 2720 940 2774 Homo
958 2721 1032 2774 enim
1045 2727 1090 2773 est
1103 2720 1190 2774 etiam
1202 2721 1293 2774 malus

113 2789 263 2853 ethouus,
281 2787 374 2841 hostis
412 2790 500 2843 ariter
516 2806 550 2842 ac
569 2788 685 2844 amicus.
721 2786 841 2858 Oportet
854 2805 921 2860 ergo
935 2805 1012 2856 eum,
1027 2787 1075 2858 qui
1086 2787 1292 2844 humanitatem
1344 2809 1351 2820 ·

113 2857 193 2922 colit,
208 2856 384 2909 imitatorem
427 2857 453 2910 ei
467 2873 529 2910 esse
543 2855 577 2910 de
591 2857 672 2908 iustis
682 2862 768 2925 atque
778 2857 893 2910 iniustis
903 2856 976 2911 bene
986 2856 1129 2924 merendo,
1143 2857 1292 2928 sicutipse

113 2923 194 2978 Deus
215 2923 246 2976 in
263 2922 318 2976 hoc
337 2924 441 2978 mundo
460 2924 547 2977 solem
565 2924 725 2994 imbresque
744 2941 809 2978 suos
827 2925 938 2979 eunctis
975 2925 1083 2980 raebet.
1124 2925 1232 2991 Quodsi
1249 2926 1292 2979 vis

112 2993 199 3046 bonis
225 2990 343 3061 quidem
367 2991 551 3058 benefacere,
576 2993 666 3045 malos
682 3008 756 3046 .ver0
780 2992 895 3063 punire,
924 2943 1027 3048 iudicis
1051 3012 1151 3050 munus
1175 2994 1292 3064 implere

116 3059 228 3114 niteris.

183 3158 276 3214 XCV.
313 3159 351 3212 Et
369 3176 423 3231 ego
441 3160 513 3214 dixi:
532 3160 626 3232 Igitur
644 3166 673 3214 et
685 3161 779 3226 Deus,
797 3162 845 3231 qui
861 3167 921 3216 turn
937 3163 1113 3219 iudicaturus
1126 3170 1185 3230 est,
1197 3171 1229 3218 ut
1241 3182 1293 3218 nos

115 3229 213 3291 doces,
227 3244 286 3280 non
298 3234 343 3280 est
354 3227 513 3282 humanus?
531 3227 575 3282 Ao
587 3229 703 3282 Petrus:
716 3229 880 3298 Pugnantia
892 3231 1026 3310 loqueris.
1056 3232 1129 3285 Nam
1141 3232 1208 3301 quia
1221 3232 1292 3300 iudi·

116 3302 173 3362 cat,
186 3295 329 3348 humanus
349 3301 401 3348 est.
437 3295 574 3367 Diligens
592 3298 667 3350 enim
684 3314 717 3351 ao
734 3299 884 3349 miseratus
902 3297 1006 3350 inruria
1024 3298 1143 3351 affectes
1160 3297 1292 3350 iniuriam

118 3363 279 3417 inferentes
292 3362 402 3442 plectit.
437 3363 476 3416 Et
489 3380 543 3434 ego
556 3363 667 3434 Itaque,
680 3365 808 3432 inquam,
823 3363 847 3414 si
859 3363 921 3431 ipse
933 3363 1016 3416 bonis
1028 3362 1193 3428 benefacio,
1208 3369 1237 3415 et
1250 3363 1292 3415 in-

119 3430 241 3485 iuriosus
256 3446 324 3500 quia
336 3429 433 3484 iniurii
446 3447 515 3502 erga
526 3430 655 3485 homines
668 3431 782 3485 fuerunt
795 3429 921 3500 castigo,
933 3430 1073 3483 humanus
1085 3446 1153 3482 sum.
1189 3429 1227 3482 Et
1241 3429 1294 3482 Pe·

117 3721 138 3754 ο.
156 3705 251 3766 Bon,
268 3704 344 3754 Hom.
357 3705 374 3754 l.
388 3720 419 3764 o.,
436 3709 523 3755 nostra
534 3707 604 3772 Epit.
617 3708 685 3756 etal.
730 3711 851 3767 verterat,
869 3706 951 3756 virum
967 3722 1090 3756 summum
1109 3707 1235 3757 interdum
1254 3708 1293 3758 ni-

117 3789 158 3838 ap.
176 3773 233 3824 cot.
250 3799 285 3808 -
304 3769 348 3839 11)
365 3768 452 3824 αὐτοῦ
473 3789 522 3822 om.
543 3775 570 3824 G.
588 3801 622 3810 —
643 3771 687 3834 12)
732 3775 810 3824 mium
822 3789 837 3823 a
848 3774 930 3824 verbis
942 3774 1086 3836 abscedere,
1099 3776 1142 3825 sed
1153 3775 1207 3842 ipse
1219 3777 1295 3826 nimis

118 3841 212 3890 Metth.
225 3837 251 3902 5,
263 3835 312 3901 ὥς
331 3841 445 3908 παρέχει
458 3842 489 3890 al.
503 3857 542 3906 ap.
556 3841 609 3891 (lot.
729 3842 865 3892 adhaerens
874 3847 995 3908 perpetuo
1003 3845 1163 3910 βαρβαρίζει,
1175 3859 1220 3893 nec
1230 3860 1292 3894 sem·

729 3926 774 3976 per
791 3908 899 3960 feliciter
915 3914 1063 3976 potestatem
1084 3927 1172 3961 vocum
1187 3913 1293 3959 Graeca·

170 3975 233 4040 Cap.
254 3973 333 4025 XCV.
370 3969 396 4040 1)
418 3972 544 4027 διδάσκει
561 3976 588 4025 O.
606 4002 639 4010 -
658 3971 686 4042 2)
729 3992 785 4025 rum
794 3976 917 4042 exprimit.
935 3978 992 4027 Hoc
1004 3978 1085 4028 obiter
1094 3983 1119 4027 et
1131 3977 1214 4037 semel,
1227 3977 1293 4039 quod

119 4042 213 4092 Melius
227 4041 346 4091 vertisset
358 4047 454 4091 noster:
467 4046 590 4092 berniacam
602 4059 688 4091 amam
730 4043 866 4094 sexcenties
884 4044 934 4093 dici
950 4045 1044 4110 potuit,
1062 4045 1104 4093 hic
1124 4043 1293 4092 adnotandum

119 4125 194 4172 quam
216 4111 341 4157 humanus
374 4109 545 4171 ambiguitatis
571 4110 687 4160 vitandae
731 4111 824 4160 censui.
845 4113 906 4162 Olor.
923 4138 958 4146 —
976 4108 1005 4178 3)
1018 4109 1204 4171 insterlaco,
1217 4110 1292 4159 Hom.

119 4192 203 4225 causa.
240 4175 290 4226 Sed
310 4175 402 4239 ubique
419 4177 494 4226 verba
511 4178 598 4226 lectori
609 4178 687 4227 adnu·
731 4179 790 4240 XII,
802 4174 835 4228 27
848 4183 873 4227 et
884 4184 970 4228 nostra
981 4178 1059 4242 Epit,
1073 4171 1170 4240 ἐπειδὴ
1182 4176 1249 4239 vulg.
1260 4205 1293 4215 -

120 4247 212 4306 meret,
230 4258 281 4292 non
298 4242 425 4308 adpendit.
462 4244 509 4294 Vir
526 4245 626 4306 doctus,
646 4245 688 4308 qui
730 4242 759 4312 4)
773 4245 815 4296 Sic
834 4245 908 4294 etiam
927 4246 1014 4306 BGD,
1033 4245 1070 4293 ed.
1086 4245 1161 4293 Hom.
1175 4244 1251 4295 Gotel.
1269 4249 1294 4295 et

121 4326 151 4359 cx
163 4327 206 4359 ore
223 4311 305 4360 Henr.
325 4310 421 4360 Valesii
438 4311 534 4376 excepit
551 4312 689 4362 versionem
732 4318 836 4376 uterque
846 4311 905 4361 Cod.
915 4315 1014 4361 nostrae
1023 4312 1102 4378 Epit,
1113 4317 1203 4380 κρινεῖ
1209 4317 1294 4363 noster

21 4375 22 4438 ᾖ
121 4377 303 4427 historicorum
331 4378 556 4428 ecclesiastieorum
579 4379 689 4428 animad·
732 4374 1293 4446 Hom.cod.-5)aeaetco.-6)1ntsr-
