3126 4894
582 295 737 345 armona
756 295 867 348 ernon.
1275 281 1314 344 79

139 444 228 498 tertio
240 442 319 511 fili03
341 449 371 496 at
390 441 455 496 ille:
477 442 612 509 Clemens,
631 441 717 508 dixit3
739 441 861 510 denique
875 458 930 510 quo
943 440 1054 494 nomine
1067 448 1215 496 vocaretur
1227 461 1321 498 eorum

139 520 248 579 mater,
262 517 292 565 01
305 511 360 565 ait:
382 509 544 563 Mottbidie.
574 507 637 578 Ego
650 509 785 580 igiturex
797 509 979 562 miseratione
993 509 1190 563 collacrimans
1203 511 1321 567 dimissa

139 579 227 634 turba
239 579 307 633 veni
320 579 357 632 ad
374 594 440 644 vos,
458 581 490 630 ut
507 583 573 646 post
591 576 649 630 cibi
667 593 842 631 communem
858 576 1070 646 perceptionem
1086 576 1157 632 hacc
1174 579 1321 632 vobiscum

140 647 390 702 communicarem.
425 645 512 699 Porro
530 650 596 698 ante
616 644 710 699 eibum
731 661 843 698 namara
866 650 1053 714 opportunum
1074 663 1130 698 non
1152 647 1262 713 censui,
1284 664 1320 701 ne

139 715 216 769 forte
237 715 335 768 dolore
352 713 423 766 victi
435 712 473 766 ba
493 711 572 764 tismi
590 713 665 766 diem
682 713 712 765 in
728 711 809 766 luctu
821 712 978 778 duceretis,
999 712 1110 780 quando
1124 713 1210 768 etiam
1223 715 1320 786 angeli

139 782 304 836 efferuntur
315 780 436 836 laetitia.
485 796 536 834 aec
548 779 650 834 Petrus
663 797 727 834 cum
739 780 863 846 diceret,
880 797 977 834 omncs
994 797 1050 833 una
1062 797 1125 834 cum
1137 787 1226 835 matre
1239 782 1320 836 laeri-
1348 827 1352 836 .

139 851 196 912 mis
209 867 264 903 nos
283 848 451 902 dedidimus.
488 847 564 911 Quos
580 848 630 902 ille
643 847 826 902 lacrimantes
838 847 938 902 videns
952 847 1006 901 ait:
1025 847 1108 902 Nunc
1127 849 1320 920 unusquisque

140 923 334 1036 vestrumpro
346 915 447 970 timore
461 931 530 985 erga
541 915 635 970 Deum
647 915 761 970 fortiter
775 931 847 985 quae
859 920 1014 969 memorata
1026 922 1092 969 sunt
1104 915 1184 970 ferat.
1220 917 1320 987 Neque

141 985 221 1106 {nim
233 983 271 1104 ipio
293 984 320 1037 ie
332 983 414 1037 vobis
427 982 537 1036 interiit
549 989 644 1052 pater,
667 983 719 1036 sed
735 983 791 1038 iam
810 983 890 1049 olim,
909 983 983 1036 sicut
999 1000 1049 1036 vos
1067 984 1231 1045 coniectura
1242 992 1320 1039 recte

159 1059 230 1107 acta
263 1051 366 1104 inistis.

213 1134 348 1190 CXVIII.
377 1133 439 1188 Ista
451 1134 536 1188 Petro
550 1133 684 1204 loquente
696 1141 787 1189 mater
798 1134 870 1188 ferre
884 1153 940 1188 non
956 1121 1056 1188 valens
1074 1153 1177 1206 magno
1197 1137 1319 1192 clamore

144 1203 228 1258 edito
241 1203 297 1258 ait:
316 1202 373 1256 Hei
384 1201 464 1266 mihi,
477 1219 493 1256 ο
505 1201 556 1269 vir,
570 1208 706 1272 quantum
718 1220 769 1256 nos
783 1202 832 1255 dili
857 1219 906 1256 ons
919 1203 980 1272 ipse
991 1202 1104 1271 quidem
1114 1203 1183 1256 mori
1192 1204 1319 1271 voluisti,

142 1290 197 1325 nos
210 1288 278 1325 vero
294 1270 416 1323 vivimus
433 1275 463 1323 et
480 1267 572 1324 lucem
588 1270 743 1340 aspicimus
762 1277 791 1324 et
804 1221 896 1336 adbuc
910 1271 1036 1340 capimus
1050 1269 1151 1322 cibum.
1188 1270 1320 1325 Nondum

143 1339 200 1392 hoc
217 1356 275 1392 uno
289 1338 398 1392 eiulatu
409 1334 491 1390 finito
505 1354 572 1391 0000
587 1353 672 1391 senex
684 1337 856 1408 ingreditur,
874 1342 903 1390 et
916 1337 999 1389 simul
1013 1342 1098 1405 atquc
1112 1337 1242 1392 clamoris
1255 1358 1319 1394 cau·

142 1425 204 1460 sam
218 1405 363 1459 sciscitari
373 1404 466 1458 voluit
483 1405 641 1474 respiciens
657 1407 693 1459 ad
711 1421 825 1459 uxorem
837 1405 908 1469 Hei,
921 1404 1027 1473 inquit,
1041 1404 1175 1472 quidnam
1187 1404 1241 1459 hoc
1254 1406 1319 1461 est?

141 1491 229 1543 quam
241 1471 346 1527 video?
364 1470 515 1526 Accedens
533 1489 600 1526 vero
618 1478 647 1526 et
664 1473 833 1542 diligentius
850 1490 882 1526 as
904 1471 993 1524 iciens
1009 1488 1043 1524 ac
1059 1471 1137 1524 visus
1156 1474 1318 1544 complexus

141 1547 196 1595 est.
232 1541 326 1594 Ambo
346 1545 442 1594 autem
458 1557 525 1610 prae
543 1540 649 1612 gaudio
666 1539 816 1610 repentino
838 1542 872 1593 de
887 1545 1003 1592 ecerunt
1020 1539 1192 1606 exclamare,
1213 1541 1268 1593 nisi
1288 1548 1318 1595 et

140 1609 315 1663 alteralteri
333 1607 411 1678 loqui
429 1607 578 1677 cupientes
595 1625 694 1662 vocem
712 1608 842 1662 emittere
860 1624 916 1661 non
932 1612 1099 1727 potuerunt,
1117 1608 1223 1661 neceb
1241 1609 1317 1663 inex·

161 1677 253 1730 letam
275 1675 417 1730 laetitiam
437 1675 588 1744 reprimere
610 1692 648 1728 se.
683 1675 789 1730 Verum
809 1693 866 1730 non
886 1681 975 1728 muto
993 1682 1058 1744 post
1078 1680 1169 1728 mater
1184 1675 1221 1729 ad
1240 1693 1316 1730 eum:

140 1695 246 1799 blabeo
259 1749 289 1797 10
301 1743 408 1797 Fausta
421 1742 592 1796 omnimodo
606 1743 810 1797 suavissimum.
845 1742 883 1796 Et
896 1761 951 1812 qua
961 1741 1071 1796 ratione
1084 1743 1172 1808 vivis,
1189 1745 1223 1796 de
1238 1745 1318 1798 cuius

141 1821 234 1866 morte
246 1811 343 1882 paullo
356 1816 422 1864 ante
435 1809 615 1864 audivimus?
635 1809 766 1866 Ceterum
783 1810 814 1864 hi
831 1816 896 1864 sunt
913 1810 966 1863 filii
983 1810 1138 1863 Faustinus
1157 1816 1187 1864 01
1204 1810 1317 1866 Fausti·

141 1880 247 1933 nianus
259 1897 294 1933 ae
307 1882 457 1948 exoptatus
471 1875 610 1932 Clemens.
647 1879 725 1943 Quae
742 1897 806 1932 cum
823 1879 956 1945 dixisset,
975 1895 1026 1932 nos
1044 1885 1101 1932 tres
1118 1878 1148 1932 in
1165 1879 1258 1948 ipsum
1277 1880 1318 1933 in-

141 1947 313 2000 cumbentes
326 1961 445 2015 eumque
459 1945 619 2000 deosculati
631 1945 749 2002 formam
762 1947 840 1999 illius
853 1947 972 2000 obscure
986 1946 1160 2016 agnovimus.

214 2029 320 2084 CXIX.
355 2029 436 2084 Haec
449 2047 512 2084 cum
523 2030 634 2085 videret
646 2031 762 2098 Petrus,
777 2030 822 2084 Tu
839 2047 870 2084 es
888 2030 1027 2094 Faustus,
1046 2029 1152 2099 inquit,
1172 2030 1255 2084 huius
1276 2031 1320 2085 vir

141 2100 264 2168 eiusque
277 2097 429 2151 liberorum
441 2096 542 2167 pater?
560 2097 614 2152 Ille
627 2116 693 2152 vero
706 2098 760 2152 ait:
779 2098 842 2169 Ego
856 2117 924 2151 sum.
959 2097 997 2150 Et
1009 2097 1125 2151 Petrus:
1144 2098 1236 2162 Quare
1250 2116 1318 2171 ergo

140 2173 208 2220 tuos
221 2164 292 2218 mihi
304 2164 417 2218 labores
429 2170 564 2234 tanquam
577 2165 612 2220 de
630 2166 688 2220 alio
705 2166 843 2220 enarrasti
860 2166 985 2220 referens
1003 2171 1032 2220 et
1049 2166 1174 2220 dolorem
1191 2173 1220 2220 01
1239 2184 1318 2221 exse-

141 2232 248 2304 quias?
267 2232 340 2284 Turn
352 2238 434 2302 pater
446 2233 607 2303 respondit:
628 2233 698 2287 Cum
711 2250 803 2292 essem
816 2239 955 2305 cognatus
966 2233 1096 2287 Caesaris
1110 2240 1139 2287 et
1152 2235 1257 2288 nollem
1271 2235 1317 2288 de-

140 2300 296 2371 prehendi,
316 2299 350 2353 de
369 2301 426 2354 alio
443 2301 564 2370 quodam
581 2302 771 2356 narrationem
784 2299 897 2368 effinxi,
911 2307 942 2354 ut
957 2301 1067 2356 avobis
1080 2302 1143 2369 quis
1157 2319 1249 2356 essem
1261 2320 1318 2356 non

140 2385 322 2440 agnoscerer.
359 2366 490 2422 Sciebam
507 2367 596 2435 enim,
618 2369 719 2439 quodsi
735 2368 900 2440 recognitus
918 2385 1023 2434 essem,
1048 2369 1103 2422 loci
1114 2369 1260 2438 praesides
1272 2369 1318 2422 his

141 2435 308 2506 compertis,
321 2440 353 2488 ut
364 2453 423 2489 rem
436 2440 546 2506 gratam
560 2434 675 2490 Caesari
692 2436 834 2502 facerent,
851 2451 896 2488 me
916 2441 1013 2488 essent
1029 2437 1188 2489 revocaturi
1206 2441 1235 2488 et
1247 2437 1317 2505 pris-

140 2505 206 2558 tina
218 2502 361 2556 felicitate
375 2503 585 2570 circumdatum,
599 2505 645 2557 eui
657 2509 719 2557 tota
731 2503 890 2556 intentione
903 2507 988 2556 antea
999 2502 1178 2569 renunciavi,
1197 2504 1258 2556 sine
1272 2521 1317 2558 ca-

139 2571 266 2625 rissimis
278 2569 348 2623 mihi
360 2570 458 2642 liberis
475 2571 505 2624 in
518 2571 666 2641 republica
678 2571 786 2625 versari
802 2576 852 2624 aut
863 2572 958 2624 vivere
971 2569 1084 2623 omnino
1097 2587 1153 2624 non
1166 2570 1317 2624 sustinens.

284 2711 349 2718 —-a

141 2802 233 2847 nostra
245 2795 315 2861 Epit.
328 2800 354 2844 01
369 2794 400 2844 al.
413 2811 452 2860 ap.
465 2795 519 2845 001.
546 2796 608 2845 Post
619 2790 709 2863 μήτηρ
754 2795 993 2864 φορος110001το0
1006 2791 1086 2860 Epit.)
1109 2789 1147 2860 μὴ
1166 2795 1317 2876 &dioryc-

139 2865 261 2914 inserunt
284 2859 337 2930 ἔφη
361 2865 449 2910 nostra
470 2863 539 2928 Epit.
566 2867 590 2912 01
613 2863 646 2912 01.
670 2880 708 2929 ap.
753 2864 852 2916 νέσθαι
867 2861 924 2928 (om.
934 2864 1066 2928 γενέσθαι
1079 2862 1110 2912 al.
1123 2878 1162 2930 ap.
1176 2863 1248 2923 001.),
1269 2859 1317 2914 άλ-

141 2932 199 2981 001.
210 2956 244 2966 -
257 2925 301 2995 12)
313 2946 362 2996 μοι
376 2929 451 2979 inser.
464 2931 539 2979 Hom.
552 2929 569 2979 1.
582 2945 612 2991 0.,
625 2936 711 2980 nostra
753 2933 791 2996 λῳ
810 2931 866 2982 τινὶ
883 2928 932 2996 (εἰς
949 2925 1032 2980 ἄλλον
1052 2926 1128 2988 τινὸς
1144 2935 1226 2981 textus
1242 2932 1318 2980 Hom.

141 2997 296 3075 Epitetal
309 3011 348 3062 ap.
367 2996 421 3048 001.
446 3023 480 3032 -
503 2992 547 3064 13)
570 2997 711 3050 τεθνεῶτα
753 2999 816 3097 031,
833 3003 920 3048 nostra
935 2999 1006 3064 Epit.
1023 3004 1049 3048 01
1070 2999 1107 3081 01.)
1119 3014 1158 3080 ap.
1176 2997 1243 3064 001)
1268 2994 1318 3064 τὴν

140 3065 711 3201 tt'tt'sttt‘ffiitttt„litabat
753 3060 1318 3200 latttpt'taasslttffiflttltt

141 3201 175 3250 al.
189 3216 230 3265 ap.
243 3199 297 3250 001.
315 3224 349 3232 -
372 3193 414 3261 14)
433 3194 513 3268 ἡμῶν
524 3201 598 3250 Hom.
612 3201 673 3262 1.0.,
687 3202 709 3250 V
753 3206 837 3249 noster
850 3201 925 3249 Hom.
935 3201 1003 3262 000,
1016 3196 1166 3270 ἡγούμενοι
1179 3196 1316 3254 ἀκούσαν-

141 3266 363 3332 nostraeEpit.et
376 3265 407 3314 01.
420 3281 434 3315 0
453 3305 459 3318 .
472 3267 534 3329 Cot,
556 3263 636 3335 ἡμῶν
649 3267 708 3317 010
754 3283 804 3325 τες,
824 3263 1039 3324 ἀνακαλέσαντες
1054 3273 1136 3316 textus
1156 3269 1231 3316 Hom.
1246 3269 1316 3330 ·Oot.,

141 3339 245 3385 nostrae
266 3333 337 3399 Epit.
358 3359 391 3366 —
416 3283 458 3396 ld)
476 3329 491 3385 ὃ
509 3331 646 3392 ποθεινὸς
661 3350 709 3385 om.
753 3335 784 3382 al.
797 3349 837 3399 ep.
850 3334 913 3395 001.,
926 3349 982 3382 cum
996 3349 1062 3382 voco.
1072 3339 1155 3383 tamen
1165 3333 1252 3382 ordine
1262 3351 1316 3384 mu·

95 3408 99 3416 '
141 3403 221 3452 Hom.
234 3401 252 3450 l.
263 3417 293 3464 0.,
304 3404 390 3450 nostra
400 3401 470 3466 Epit.
484 3405 508 3450 et
519 3403 550 3452 01.
564 3418 603 3468 ap.
617 3403 710 3452 001-
752 3407 806 3451 1010
830 3405 916 3450 nostra
932 3399 1002 3464 Epit.
1025 3428 1059 3435 —
1082 3397 1108 3464 7)
1125 3397 1316 3452 καὶ...πάλτν

142 3466 187 3532 16)
202 3465 332 3526 εἰπόντες
343 3467 374 3518 D.
385 3494 421 3502 -
433 3463 473 3531 17)
487 3469 526 3518 110
538 3470 612 3532 Βο1),
624 3474 710 3519 nostra
753 3485 800 3517 om.
814 3471 896 3518 textus
908 3468 983 3516 Hom.
997 3467 1060 3529 001.,
1072 3472 1158 3516 nostra
1169 3467 1239 3533 Epit.
1250 3470 1315 3518 0101.

142 3536 215 3602 Epit.
228 3535 296 3586 0101,
309 3550 348 3600 ap.
363 3534 426 3598 001,
446 3533 709 3606 άνεφέρομενΗοαι.
752 3535 869 3671 appot.
896 3562 930 3570 —
958 3531 986 3602 8)
1015 3529 1204 3600 ἐπιθήσουσιν
1224 3537 1254 3585 D.
1283 3564 1317 3571 -—

141 3605 159 3654 L
174 3619 205 3661 0.,
219 3597 472 3672 καταμανθάνομεν
483 3604 551 3667 vulg.
751 3601 768 3653 9
794 3619 871 3672 ῳπερ
884 3596 933 3668 ὅλη
947 3605 1084 3671 προθέσει
1097 3598 1316 3673 πρότερονάπε-

126 3669 131 3678 ”
197 3670 290 3720 οΧ1Χ.
310 3667 333 3730 1)
348 3669 426 3722 εἶπεν
439 3687 486 3721 om.
499 3671 535 3731 D;
551 3669 636 3722 ταῦτα
647 3671 709 3737 flle-
753 3667 874 3741 ταξάμην
893 3657 954 3721 c'et
969 3675 1054 3722 noster
1069 3673 1143 3722 Hom.
1157 3672 1227 3734 (lod,
1245 3668 1317 3740 ὅπερ

142 3754 209 3789 πων
221 3735 236 3787 ὁ
249 3739 357 3802 Πέτρος
369 3735 430 3806 ἔφη·
442 3733 477 3788 σὺ
489 3737 515 3790 εἴ
524 3739 656 3796 Φαῦστος
667 3755 709 3788 ex·
753 3725 846 3807 (ᾧπερ,
865 3741 885 3789 0
906 3745 1005 3790 nostrae
1025 3741 1105 3807 Epit.)
1140 3734 1317 3812 άπεταξάμην

141 3805 232 3855 hibent
243 3807 318 3855 Hom.
331 3805 403 3868 XIV,
415 3803 455 3868 10,
465 3811 551 3855 nostra
561 3807 632 3872 Epit.
643 3811 667 3856 01
676 3808 708 3856 01.
752 3812 838 3858 nostra
849 3806 919 3872 Epit.
940 3813 965 3858 et
977 3808 1008 3856 al.
1021 3825 1060 3874 ap.
1075 3809 1129 3859 001.
1153 3809 1266 3872 Pergunt
1283 3805 1317 3859 οὗ

141 3890 181 3939 ap.
197 3873 251 3923 001.
272 3899 307 3907 —-
324 3868 349 3932 2)
371 3871 472 3924 ἑαυτοῦ
490 3874 517 3936 0,
535 3879 619 3924 nester
633 3875 708 3922 Hom.
751 3869 802 3942 μὰρ
815 3868 955 3940 ἐδυνάμην
973 3878 1037 3942 περὶ
1056 3875 1111 3928 τῶν
1129 3875 1192 3944 ἐμοὶ
1208 3873 1315 3941 ἠγαπη-

142 3939 203 3990 Ood.
217 3945 242 3990 et
251 3941 282 3990 al.
293 3954 333 4004 ap.
343 3939 407 4003 001.,
420 3939 539 3991 σεαυτοῦ
551 3945 671 3990 mutatum
682 3942 709 3991 in
751 3943 846 4010 μένων
859 3936 892 3991 τὰ
902 3943 1023 4009 μέγιστα
1039 3937 1076 4000 ὠς
1091 3945 1156 4008 περὶ
1169 3937 1317 3992 θανόντων

141 4007 243 4058 ἑαυτοῦ
254 4009 285 4056 Ι).
297 4006 408 4057 Subinde
418 4024 466 4056 om.
476 4004 513 4065 ὠς
523 4004 629 4072 0,-3)
639 4005 710 4077 πρὸς
751 4011 860 4077 κρίνας,
882 4005 954 4077 πρὸς
978 4004 1027 4075 τὴν
1051 4009 1102 4060 τοῦ
1121 4013 1183 4075 βίον
1207 4026 1257 4075 τρυ
1277 4004 1317 4072 ψὴν

140 4077 241 4142 γένους
252 4068 387 4142 ὑπάρχων
396 4077 472 4126 Ηοτα.
482 4076 499 4124 l.
510 4092 540 4137 0.,
554 4071 710 4144 προσμενὴς
753 4072 812 4194 {om
826 4073 935 4147 τρυφὴν
947 4082 1032 4126 nostra
1043 4077 1113 4158 Epit.
1125 4077 1190 4126 0101.
1200 4091 1239 4141 ap.
1270 4078 1314 4134 01.)

142 4135 279 4209 ὑπάρχων
291 4148 378 4191 nostra
389 4143 458 4209 Epit.
472 4148 497 4191 et
511 4143 542 4192 al.
557 4159 596 4210 ap.
610 4144 663 4193 001.
676 4171 709 4178 -
766 4139 853 4196 αυτὸν
864 4140 1033 4195 ἀποδιδόναι
1049 4143 1213 4200 (αποδοῦναι
1229 4147 1315 4192 nostra

140 4205 169 4266 4)
193 4205 303 4276 κατάτμο
323 4227 354 4267 ος
374 4213 396 4260 Β
417 4215 565 4272 (correctum
586 4227 651 4260 man.
671 4227 709 4276 pr.
752 4211 955 4277 Epit.etal.ap.
974 4210 1038 4275 001.)
1056 4208 1139 4269 δόξαν
1156 4211 1214 4275 (om.
1232 4205 1316 4268 δόξαν

141 4225 355 4346 κατάφωρος)1)
373 4282 398 4328 01
414 4279 446 4328 al.
459 4294 498 4344 ap.
513 4279 566 4328 001.
591 4279 621 4328 In
634 4279 709 4328 Hom.
752 4277 840 4342 Hom)
852 4280 925 4328 IIom.
938 4279 955 4328 1.
969 4295 999 4342 0.,
1015 4283 1101 4330 nostra
1113 4279 1182 4346 Epit.
1194 4284 1219 4328 et
1230 4278 1262 4328 al.
1275 4294 1314 4346 ap.

142 4350 168 4394 01
188 4349 274 4394 nostra
292 4345 362 4411 Epit.
385 4349 423 4395 est
444 4349 607 4414 περίφωρος
620 4345 709 4414 (φερί-
754 4346 806 4395 001.
