3114 4896
583 321 737 372 armona
755 323 866 372 Paroa.
1294 309 1316 372 5

138 478 245 527 cuncta
257 469 399 526 oblivioni
410 467 563 524 tradente?
581 486 645 524 cum
657 475 752 524 autem
764 487 821 524 non
834 469 923 536 fuero,
942 487 978 524 an
991 470 1196 540 quodammodo
1209 469 1320 526 futurus

139 559 216 606 sum,
231 556 280 593 eos
294 537 343 608 qui
357 555 414 592 non
428 543 494 590 sunt
508 553 698 623 cognoscens,
712 554 765 591 nec
779 554 971 608 cognoscens,
985 553 1038 592 nec
1052 538 1198 609 cognitus,
1215 539 1320 609 quique

137 626 198 662 non
214 607 333 671 fuerim,
355 623 413 659 non
432 603 506 658 sim?
530 605 568 658 Et
587 604 778 674 aliquandone
800 603 895 659 factus
914 605 952 657 sit
968 605 1089 658 mundus
1106 612 1136 659 et
1153 611 1220 659 ante
1237 624 1321 676 quam

139 674 237 743 lieret,
256 673 393 744 quidnam
412 671 492 726 crat'l
516 673 590 728 Nam
608 672 631 725 si
651 689 760 742 semper
776 671 845 739 fuit,
866 689 977 742 semper
994 672 1080 727 etiam
1098 671 1167 740 erit,
1193 673 1237 726 sin
1254 690 1321 728 vero

139 751 233 798 ortum
249 741 352 807 habet,
371 739 486 795 omnino
504 741 591 794 etiam
609 739 794 793 dissolvetur:
822 747 851 794 et
868 748 935 810 post
952 740 1169 794 dissolutionem
1186 741 1321 810 quidnam

139 811 195 865 erit
208 811 321 874 iterum,
334 808 411 878 quod
423 825 499 862 nunc
512 807 689 887 impossibile
702 807 772 860 mihi
785 815 830 862 est
842 814 937 862 ments
951 807 1123 878 concipere?

209 878 246 930 II.
272 877 354 931 Haec
370 881 457 946 atque
474 875 520 928 his
538 875 645 929 similia
661 875 759 928 nescio
776 875 851 930 unde
870 875 1067 930 indesinenter
1082 876 1176 930 animo
1188 876 1321 930 volutans

140 953 281 1016 perpetuo
295 961 407 1014 semper
418 960 543 997 moerore
556 941 702 996 afficiebar
713 942 743 995 in
754 949 875 1009 tantum,
889 949 921 997 ut
932 944 1069 1014 pallerem
1081 961 1115 998 ac
1127 943 1319 998 tabescerem:

139 1021 169 1068 et
182 1013 259 1083 quod
272 1011 472 1083 gravissimum
485 1016 558 1077 erat,
577 1009 601 1063 si
614 1009 727 1079 quando
739 1009 838 1065 harum
853 1027 945 1064 rerum
959 1011 1183 1065 sollicitudinem
1196 1011 1320 1066 abiicere

138 1087 278 1150 tanquam
290 1097 394 1134 vanam
407 1097 440 1133 co
464 1079 578 1145 iterem,
597 1077 793 1131 vehementius
805 1079 894 1132 multo
908 1096 952 1132 me
964 1079 1111 1150 premebat
1123 1079 1253 1134 affectus.
1282 1079 1321 1133 Et

140 1167 204 1204 eam
220 1165 281 1202 rem
298 1147 418 1202 moleste
449 1147 562 1200 arebam
579 1145 725 1211 nesciens,
745 1147 821 1215 quod
838 1147 1071 1202 contubernalem
1088 1147 1223 1202 haberem
1239 1164 1319 1218 prae·

141 1217 248 1271 claram
268 1214 489 1287 cogitationem,
509 1230 581 1283 quae
601 1212 823 1268 immortalitatis
841 1213 911 1266 mihi
928 1232 1014 1269 causa
1031 1214 1157 1282 exstitit,
1175 1221 1207 1268 ut
1219 1221 1321 1285 postea

141 1302 176 1338 ex
188 1301 282 1336 rerum
297 1282 376 1336 exitu
388 1281 503 1352 agnovi,
517 1287 546 1334 et
559 1281 621 1334 Deo
635 1287 801 1335 cunctorum
813 1282 942 1335 effectori
954 1281 1062 1363 gratias
1076 1282 1131 1353 egi.
1161 1281 1231 1335 Cum
1245 1283 1320 1336 enim

139 1353 177 1406 ab
191 1350 276 1404 initio
288 1367 333 1403 me
347 1349 398 1402 illa
411 1349 550 1420 cogitatio
562 1355 691 1415 vexaret,
709 1349 851 1402 adrerum
868 1349 1082 1418 inquisitionem
1094 1349 1191 1404 venire
1204 1355 1320 1404 coactus

140 1437 213 1484 sum,
227 1425 258 1472 et
271 1435 342 1488 quos
354 1417 495 1496 principio
507 1434 558 1486 per
569 1416 760 1488 ignorantiam
772 1417 873 1471 beatos
886 1417 1100 1486 praedicabam,
1117 1423 1219 1486 postea
1230 1418 1319 1472 veluti

139 1487 261 1540 miseros
279 1503 336 1539 non
353 1501 464 1539 cessavi
482 1485 588 1556 lugere.

210 1553 263 1606 ΙΙΙ.
289 1553 383 1624 Igitur·
398 1570 460 1605 cum
473 1570 490 1606 a
502 1569 588 1622 puero
602 1551 631 1604 in
648 1550 810 1604 huiusmodi
828 1567 956 1604 versarer
973 1551 1265 1618 considerationibus,
1283 1552 1321 1606 ad

139 1621 376 1694 philosophorum
393 1619 584 1673 adventabam
602 1619 729 1684 scholas,
752 1624 784 1670 ut
802 1617 868 1672 inde
882 1619 992 1688 aliquid
1005 1619 1076 1672 certi
1094 1619 1247 1686 discerem3
1270 1620 1321 1672 sed

140 1697 171 1744 et
190 1689 232 1744 sic
251 1688 325 1742 nihil
343 1687 421 1741 aliud
438 1687 474 1741 ab
493 1687 534 1741 eis
553 1687 680 1740 studiose
698 1685 755 1740 coli
772 1685 904 1740 videbam
923 1703 1006 1755 quam
1029 1687 1192 1758 dogmatum
1212 1686 1321 1740 destru-

141 1759 256 1811 ctiones
269 1761 299 1810 et
311 1755 536 1821 adstructiones,
550 1753 805 1874 contentionesque
818 1760 847 1808 et
861 1755 1090 1835 syllogismorum
1102 1753 1227 1808 artificia
1239 1753 1320 1808 item·

140 1843 198 1895 que
216 1823 408 1894 sumptionum
426 1822 668 1893 excogitationes,
692 1827 721 1876 et
738 1822 891 1890 siquando
908 1823 1022 1891 quidem
1040 1822 1224 1892 praevalebat
1241 1821 1321 1876 verbi

177 1893 251 1958 atia,
264 1891 341 1961 quod
353 1889 447 1944 anima
460 1890 627 1944 immortalis
640 1889 691 1954 sit,
710 1888 864 1958 aliquando
877 1907 943 1944 vcro
957 1891 1032 1960 quod
1044 1890 1179 1944 mortalis.
1208 1890 1247 1943 Et
1259 1890 1320 1960 qui·

162 1978 208 2014 em
249 1959 343 2012 uando
365 1975 399 2010 ea
419 1958 529 2028 opinio,
551 1974 624 2027 quae
645 1955 769 2010 animum
790 1957 861 2011 facit
882 1957 1082 2024 immortalem,
1106 1957 1319 2027 superiorem,

142 2027 237 2101 gaude
260 2045 319 2092 am,
338 2025 455 2094 quando,
468 2032 563 2078 autem
581 2042 627 2091 ea,
647 2041 719 2094 quae
738 2025 886 2079 mortalem
903 2033 1015 2091 censet,
1037 2042 1163 2080 moerore
1175 2025 1320 2079 afficiebar

140 2111 309 2164 rursumque
325 2093 418 2163 magis
436 2093 560 2146 animum
579 2092 805 2162 despondebam,
824 2093 899 2162 quod
915 2109 968 2147 nec
981 2095 1129 2163 utriusque
1142 2093 1232 2163 partis
1244 2094 1319 2163 quis-

140 2164 221 2235 piam
233 2167 358 2216 mentem
370 2178 461 2216 meam
474 2165 589 2230 poterat
601 2158 775 2214 confirmare.
801 2161 926 2215 Tantum
938 2161 1148 2232 intelligebam,
1162 2162 1320 2216 sententias

142 2229 399 2286 controversiarum
416 2247 466 2298 pro
482 2227 590 2281 viribus
607 2234 848 2309 propugnatorum
864 2228 911 2283 vel
928 2229 1017 2284 falsas
1033 2228 1080 2282 vel
1092 2245 1173 2282 veras
1190 2228 1320 2296 iudicari,

141 2317 201 2352 non
212 2315 280 2351 vero
296 2301 379 2366 prout
396 2295 475 2366 ipsae
489 2312 519 2348 sc
537 2295 645 2349 habent
662 2315 692 2348 m
710 2313 739 2349 se
756 2296 826 2365 ipsis
843 2313 941 2350 revera
958 2295 1166 2366 comprehendi.
1201 2295 1321 2366 Propter

143 2367 221 2437 quod
253 2365 298 2417 lus
311 2363 404 2417 adhuc
417 2363 447 2416 in
460 2363 576 2434 negotio
589 2363 756 2417 aestuabam
769 2363 948 2418 dubitatione
961 2382 995 2418 ac
1008 2381 1042 2418 ex
1055 2364 1166 2417 animae
1178 2363 1319 2433 profundo

143 2384 301 2506 gerusiam.
332 2430 431 2500 Neque
445 2431 520 2484 enim
533 2431 568 2485 de
580 2430 742 2484 huiusmodi
755 2448 850 2484 curam
862 2431 982 2485 reiicere
995 2438 1135 2501 poteram,
1153 2431 1223 2483 licet
1235 2431 1319 2484 valde

143 2517 277 2571 cuperem
308 2504 340 2551 ut
357 2498 413 2552 iam
431 2516 515 2568 supra
531 2498 671 2564 indicavi,
691 2515 783 2576 neque
801 2497 911 2551 firmum
928 2499 997 2568 quid
1013 2498 1143 2551 valebam
1159 2497 1290 2550 retinere.

212 2568 262 2622 IV.
285 2538 392 2620 lterum
414 2583 481 2638 ergo
503 2565 646 2638 angustiis
666 2565 868 2618 haesitationis
904 2583 1000 2618 ressus
1019 2563 1150 2617 dicebam
1166 2564 1242 2633 apud
1259 2582 1318 2618 me:

142 2635 221 2701 Quid
233 2634 357 2689 inaniter
368 2633 479 2699 laboro,
498 2651 561 2688 cum
573 2633 727 2687 manifesta
739 2633 777 2686 sit
788 2631 855 2686 res?
877 2584 986 2697 duodsi
998 2631 1112 2702 quidem
1124 2637 1189 2700 post
1201 2638 1319 2686 mortem

142 2721 201 2758 non
214 2721 275 2768 ero,
292 2719 366 2755 nunc
380 2701 492 2771 quando
506 2719 566 2755 sum
579 2701 741 2756 contristari
753 2718 810 2754 non
823 2706 942 2771 oportet.
970 2699 1110 2764 Quocirca
1121 2698 1270 2752 tristitiam
1282 2699 1320 2753 ad

142 2771 218 2825 illud
234 2777 346 2838 tempus
361 2769 525 2836 reservabo,
548 2787 603 2840 quo
620 2787 684 2823 cum
697 2769 808 2822 futinus
831 2786 888 2822 non
909 2768 962 2822 sim
979 2785 1035 2822 non
1056 2766 1252 2822 contristabor.
1289 2767 1320 2822 Si

142 2845 241 2894 autem
252 2838 326 2892 forte
339 2853 400 2904 ero,
415 2854 463 2890 cur
474 2837 545 2890 mihi
557 2855 631 2891 nunc
645 2837 785 2907 superflue
798 2836 874 2890 inest
885 2835 1025 2890 tristitia?
1047 2834 1206 2904 Statimque
1218 2841 1321 2905 postea

143 2907 204 2962 alia
215 2923 260 2960 me
274 2904 362 2958 subiit
376 2905 522 2975 cogitatio.
557 2903 699 2958 Dicebam
712 2905 830 2974 quippe:
861 2904 905 2958 Ne
927 2903 1000 2958 forte
1019 2904 1061 2958 ibi
1099 2903 1175 2958 eiora
1192 2920 1225 2957 eo
1243 2905 1320 2973 quod

142 2991 189 3028 me
203 2973 311 3028 cruciat
327 2971 433 3041 patiar,
453 2973 546 3024 sinon
562 2971 657 3025 vixero
669 2971 730 3042 pie,
744 2990 778 3026 ac
791 2972 945 3026 seeundum
955 2989 1062 3042 quorun
1083 2989 1128 3026 am
1138 2970 1250 3041 philoso
1271 2971 1319 3026 bo·

141 3059 205 3096 rum
222 3039 381 3094 sententias
398 3039 495 3092 madar
510 3037 780 3110 Pyriphlegethonti
796 3047 825 3093 et
842 3039 975 3107 Tartaro,
995 3039 1229 3110 quemadmodum
1263 3040 1320 3111 isy-

162 3110 217 3162 hus
230 3109 276 3163 vel
289 3107 394 3176 Tityus
406 3107 454 3160 vel
466 3106 547 3160 Ixion
556 3107 603 3160 vel
614 3106 769 3174 Tantalus,
782 3114 867 3178 atque
877 3108 906 3161 in
919 3107 1029 3162 inferno
1041 3113 1187 3161 aeternum
1199 3106 1320 3177 puniar?

141 3129 251 3231 llursus
264 3182 360 3230 autem
372 3173 550 3244 excipiebam
563 3174 676 3228 dicens:
695 3175 729 3228 In
740 3193 785 3240 re,
799 3193 870 3245 quae
883 3176 993 3230 incerta
1005 3181 1058 3242 est,
1070 3175 1161 3228 tutius
1173 3175 1263 3229 multo
1276 3181 1321 3229 est

142 3263 189 3299 me
205 3244 253 3314 pie
272 3243 369 3297 vivere
386 3249 415 3295 et
433 3242 596 3312 voluptates
613 3243 737 3312 eorporis
753 3243 880 3308 vincere,
901 3243 1030 3312 quamvis
1043 3243 1174 3296 absolute
1192 3248 1222 3296 et
1242 3249 1320 3297 certo

141 3313 228 3384 plene
248 3328 285 3365 ue
301 3328 358 3364 non
376 3309 478 3376 sciam,
497 3309 632 3379 quidnam
653 3310 758 3363 iustum
775 3310 813 3362 sit
830 3327 864 3364 ac
875 3309 940 3364 Deo
957 3317 1081 3381 gratum,
1099 3326 1152 3362 nee
1164 3315 1257 3362 utrum
1270 3310 1319 3364 im-

142 3386 218 3434 mort
249 3379 274 3432 is
288 3377 327 3431 sit
338 3376 433 3430 anima
445 3394 482 3430 an
493 3377 629 3431 mortalis.

152 3501 353 3512 ——--—.--—

141 3561 191 3610 rici
204 3557 363 3638 ed3a.1724.
375 3559 449 3682 -2)
467 3561 624 3633 ὠχριωκότα
635 3568 664 3616 A.
678 3595 713 3604 ·-
756 3565 847 3616 Clerici
856 3563 972 3614 mendum
981 3566 1026 3615 καὶ
1039 3557 1081 3614 ὅτι
1093 3564 1119 3614 in
1129 3562 1166 3612 ed.
1176 3578 1197 3613 a.
1206 3558 1321 3613 1724.-

142 3624 172 3694 3)
198 3645 302 3679 τουτου
318 3634 348 3680 Α.
371 3659 406 3668 -
446 3628 711 3701 mammaeae
754 3629 782 3702 8)
796 3628 924 3700 ‹inore-bor
938 3635 1021 3694 τιςΑ,
1034 3627 1174 3699 ὁπότερον
1193 3633 1232 3689 εἰς
1243 3631 1319 3681 Horu.

141 3696 233 3746 melius
245 3711 302 3745 cum
315 3699 485 3749 Homiliarum
500 3701 591 3750 Codice
606 3702 711 3752 Ottobo-
753 3703 771 3752 l.
784 3717 814 3764 c,
829 3696 970 3768 ‹indrepdr
983 3719 1007 3752 τι
1019 3703 1039 3752 0
1049 3707 1149 3752 nostrae
1158 3701 1237 3767 Epit,
1248 3695 1319 3750 ὀπο-

141 3763 219 3813 niano
232 3768 258 3812 et
275 3769 382 3832 utroque
398 3768 489 3817 Codice
505 3768 649 3835 prolixioris
665 3785 711 3819 no·
754 3763 1320 3836 τέρωςτιςα1.αρ.Οοι.-9)ἔδὺνατοΑ.-

141 3837 210 3881 strae
221 3831 361 3896 Epitomes.
373 3831 644 3916 —5)erigcpsornoa
655 3838 684 3885 Δ.
753 3833 799 3973 10)
819 3833 880 3902 παρ’
900 3831 1032 3888 ὃΔΒΟΙ)
1049 3843 1075 3887 et
1095 3838 1127 3886 al.
1150 3854 1189 3904 ap.
1211 3837 1265 3887 (iot
1285 3863 1320 3872 -

195 3898 316 3964 Capssl.
351 3897 378 3970 l)
401 3901 431 3954 ἐν
452 3921 564 3960 sovroaec
591 3897 631 3954 aia
652 3907 711 3962 τοῖς
753 3901 786 3953 11
812 3899 929 3975 ἤμηνΔ.

140 3968 227 4033 ioyro
251 3970 294 4025 οἷς
304 3969 362 4018 BD.
375 3997 410 4006 —
420 3967 448 4037 2)
459 3966 495 4028 ὥς
505 3973 608 4022 τιΔ.-
618 3965 647 4038 3)
656 3989 711 4041 μα-

141 4038 209 4086 θεῖν
234 4035 532 4106 ueterrima-4)
550 4037 711 4090 roivonou·
823 4039 883 4107 Cap.
896 4041 942 4090 IV.
978 4034 1005 4106 l)
1021 4031 1278 4101 stanneo-2)
1292 4039 1321 4086 τί

143 4101 312 4172 δαζομένων
322 4105 427 4155 ABGD
442 4111 467 4156 ct
478 4107 510 4156 al.
523 4122 562 4173 ap.
578 4106 645 4168 Cot.;
664 4122 712 4156 om.
754 4105 808 4161 νῦν
819 4105 848 4160 ἐκ
860 4105 999 4175 περισσοῦ
1010 4124 1061 4176 μοι
1073 4106 1131 4164 ΒΟ,
1150 4104 1218 4152 deest
1229 4119 1279 4173 μοι
1291 4103 1319 4152 in

142 4175 278 4234 utrumque
289 4171 366 4222 Hom.
379 4173 400 4236 1,
413 4168 430 4222 3
448 4179 472 4222 et
490 4181 576 4224 nostra
590 4174 660 4240 Epit.
678 4201 713 4211 -
754 4177 785 4225 D.
797 4202 832 4211 -
851 4172 879 4243 3)
891 4171 930 4245 μή
943 4192 987 4225 ror
1000 4177 1029 4223 A.
1047 4199 1081 4208 -
1092 4167 1120 4238 l)
1133 4169 1220 4222 darios
1233 4165 1318 4235 ποιή-

142 4231 173 4303 5)
187 4233 355 4305 ἔριςΑΒ(ἰη
369 4257 418 4304 quo
432 4239 712 4310 fuissevideturiprrr)
756 4257 842 4313 σομαι,
865 4247 899 4304 Α,
932 4241 1020 4293 ἐκεῖσε
1044 4243 1177 4322 πείσομαι
1203 4238 1257 4288 OD.
1283 4265 1318 4274 -

142 4305 176 4366 D,
190 4303 260 4372 ἕρεις
272 4306 300 4367 0,
312 4306 388 4356 Hom.
400 4309 459 4371 1‚0.‚
471 4310 590 4358 nostraE
610 4308 636 4358 't
646 4315 672 4358 ct
681 4311 712 4360 al.
755 4306 783 4377 5)
801 4305 951 4362 ἀκίνδυνόν
965 4312 992 4358 Β.
1016 4333 1050 4342 -
1073 4301 1100 4372 6)
1117 4307 1236 4375 αρέσκον
1250 4302 1318 4374 (eum

143 4387 185 4438 ap·
199 4373 253 4424 Cot·
265 4399 300 4408 -
312 4369 340 4440 6)
358 4374 467 4434 ἐννοίας
477 4379 507 4426 Β.
518 4403 554 4413 -
565 4371 593 4442 7)
611 4376 713 4439 Corrige
754 4378 804 4428 isto
817 4372 932 4443 accentu)
945 4377 972 4426 0.
984 4401 1019 4412 -·
1030 4369 1057 4442 l)
1071 4371 1104 4425 οὐ
1115 4378 1144 4424 A.
