3126 4894
583 303 895 356 nrrrounmrnas.
1262 289 1324 356 229

134 469 202 506 non
219 450 342 505 credunt
360 447 502 504 Christum
521 465 585 504 esse
603 451 710 517 Deum,
729 449 909 504 dominentur
924 453 1022 520 petrae
1039 467 1073 504 ac
1097 450 1207 520 lapides
1225 453 1325 508 auditu

135 524 277 572 carentes
291 523 320 571 et
332 534 417 584 voce,
438 518 674 587 quemadmodum
691 523 720 571 et
733 517 803 570 mihi
816 517 989 597 imperarunt
1001 535 1090 587 usque
1108 517 1138 570 in
1149 518 1225 574 hunc
1239 520 1321 576 diem.

134 585 225 640 Haec
239 584 326 640 ethis
340 585 446 638 similia
459 583 584 639 Sisinnio
596 583 758 655 proferente
772 585 907 656 gandrum
919 602 1053 656 magnum
1068 591 1160 639 ortum
1172 593 1224 642 est.
1255 586 1321 643 Cre·

135 653 220 706 didit
237 651 394 706 enimcum
414 651 490 706 omni
508 651 591 706 domo
609 670 671 718 sua,
689 652 851 722 traditoque
870 669 919 706 suo
942 652 1055 706 nomine
1077 653 1322 774 appropinqpante

134 720 284 790 paschate
295 719 460 790 baptizatus
473 727 517 774 est
538 720 599 790 ipse
618 727 647 774 et
665 737 775 786 omnes,
798 720 846 789 qui
867 719 897 772 in
916 719 977 773 eius
995 720 1077 774 domo
1095 725 1183 775 erant.
1247 737 1323 774 ume-

133 788 198 842 rati
220 792 318 841 autem
339 792 405 841 sunt
426 787 475 857 qui
496 787 636 857 baptizati
662 787 777 842 fuerunt
797 787 850 840 viri
874 792 903 840 et
923 787 1055 841 mulieres
1078 803 1140 840 cum
1164 787 1323 842 infantibus

136 854 349 926 quadringenti
366 855 472 926 olginti
489 861 556 910 tres.
593 853 743 908 Caeterum
759 859 874 924 propter
890 854 965 908 hunc
979 853 1135 908 Sisinnium
1146 854 1230 908 multi
1243 855 1322 909 illus·

135 921 230 975 trium
248 928 278 976 et
296 921 449 976 amicorum
466 921 577 978 Nervae
589 921 771 992 Imperatoris
791 921 972 976 crediderumt
988 927 1018 976 et
1034 921 1071 976 ad
1082 921 1176 976 Deum
1193 923 1322 977 conversi

137 995 221 1042 sunt.

216 1089 360 1144 CLXXV.
396 1089 451 1144 Illo
468 1096 594 1159 tempore
617 1107 711 1143 comes
731 1107 873 1144 sacrorum
892 1085 1050 1144 officiorum
1067 1089 1187 1145 Publius
1201 1091 1320 1172 Tarqui-

136 1157 241 1211 tianus
253 1175 317 1212 oum
330 1157 505 1211 innumeram
517 1156 730 1210 multitudinem
743 1155 856 1212 Christo
866 1157 977 1211 videret
990 1157 1162 1224 credidisse,
1172 1160 1321 1212 aroesnvit

136 1223 306 1294 praefectos
318 1225 467 1296 regionum
481 1230 510 1278 et
523 1225 591 1279 data
603 1225 645 1278 eis
657 1221 780 1294 pecunia
790 1225 943 1296 persuasit,
955 1229 987 1278 ut
997 1225 1150 1278 tmultum
1164 1241 1319 1280 commove-

136 1299 208 1346 rent
220 1289 356 1346 adversus
369 1309 473 1346 nomen
486 1291 687 1348 Christianum.

214 1406 374 1464 CLXXVI.
419 1408 645 1462 Administrante
675 1407 685 1461 i
708 1410 765 1462 itur
795 1407 882 1463 Urbis
909 1407 1116 1478 praefecturam
1145 1407 1315 1466 Mamertino

139 1476 250 1530 seditio
269 1476 348 1530 facta
364 1481 408 1530 est
447 1477 525 1546 opuli
543 1476 665 1530 Romani
682 1427 717 1530 de
729 1475 842 1530 nomine
855 1474 1012 1530 Clementis
1024 1481 1109 1544 atque
1122 1475 1197 1530 inter
1208 1493 1239 1530 se
1252 1494 1316 1530 con-

138 1543 201 1597 fusi
218 1543 293 1598 alius
311 1545 390 1598 aliud
406 1495 541 1598 adversus
559 1561 623 1598 eum
640 1543 757 1598 dicebat
774 1542 1035 1597 contradicentibus
1048 1547 1143 1596 autem
1155 1545 1315 1598 nonnullis:

139 1611 221 1674 Quid
242 1612 317 1665 enim
337 1612 406 1666 mali
426 1611 496 1666 fecit
513 1618 562 1666 aut
580 1611 650 1682 qnid
662 1629 720 1666 non
734 1610 827 1664 bonae
848 1609 890 1664 rei
909 1609 1021 1682 gessit?
1056 1609 1223 1680 Quicunque
1241 1611 1316 1666 enim

138 1685 279 1750 aegrotus
292 1679 328 1733 ab
343 1696 376 1732 eo
388 1679 522 1732 visitatus
535 1684 589 1745 est,
603 1681 755 1734 sanitatem
768 1683 813 1731 est
826 1687 1010 1746 consecutum
1029 1678 1134 1747 quicun
1154 1695 1189 1732 ue
1202 1679 1315 1733 adeum

139 1746 266 1800 tristitia
281 1746 405 1801 affectus
418 1747 504 1813 abiit,
523 1747 651 1818 gaudens
668 1763 797 1800 reversus
814 1751 873 1826 esti
889 1746 998 1800 nullum
1010 1694 1244 1814 unquamiaesit,
1259 1747 1315 1801 imo

139 1813 252 1884 profuit
264 1814 402 1868 omnibus.
426 1811 485 1867 Alii
497 1820 592 1868 autem
605 1814 748 1868 diabolico
760 1830 875 1886 accensr
888 1813 991 1884 spiritu
1003 1812 1178 1867 clamabant:
1191 1812 1315 1885 Magicis

140 1881 256 1935 artibus
272 1881 328 1936 ista
346 1881 456 1936 faciens
476 1881 590 1936 deorum
607 1887 766 1936 nostrorum
784 1881 893 1935 cultum
908 1881 1023 1936 evertit:
1042 1880 1139 1934 Iovem
1150 1887 1239 1952 negat
1252 1899 1315 1936 esse

141 1948 244 2016 deum,
262 1949 415 2004 Herculem
431 1965 497 2003 vero
515 1950 662 2004 custodem
678 1955 806 2003 nostrum
824 1947 895 2002 dicit
907 1965 970 2003 esse
989 1948 1163 2001 immundum
1175 1948 1314 2018 spiritum,

142 2015 288 2071 Venerem
306 2023 434 2071 sanctam
446 2017 623 2071 meretricem
635 2017 725 2071 fuisse
739 2016 832 2083 docet,
848 2016 967 2071 Vestam
980 2021 1074 2070 autem
1087 2033 1219 2088 magnam
1233 2015 1314 2070 deam

141 2083 151 2135 i
176 2101 213 2138 ne
231 2083 321 2138 fuisse
339 2089 534 2164 consumptam
546 2085 742 2138 calumniatur.
777 2083 870 2138 Simili
887 2083 1093 2153 quoquomodo
1107 2084 1316 2140 sanctissimam

174 2151 314 2218 inervam,
336 2151 405 2206 item
422 2153 559 2218 D1anam,
578 2151 748 2206 Mercurium
765 2151 904 2222 simulque
920 2143 1073 2206 'Saturnirm
1091 2159 1120 2204 et
1136 2149 1257 2207 Martem
1275 2152 1316 2206 in·

141 2219 241 2273 famat.
276 2217 371 2289 Atque
391 2220 484 2273 omnia
505 2220 620 2274 deorum
640 2226 799 2274 nostrorum
820 2219 935 2274 nomina
955 2225 985 2273 et
1005 2219 1113 2290 templa
1134 2220 1315 2274 contumeliis

140 2286 243 2342 afficit.
280 2285 340 2340 Aut
353 2285 527 2342 sacrificabit
539 2287 594 2340 diis
607 2288 722 2354 nostris,
736 2293 785 2341 aut
798 2287 859 2356 ipse
873 2287 1009 2340 deleatur.

211 2403 386 2460 CLXXVII.
421 2404 502 2458 Tunc
523 2404 709 2458 Mamertinus
729 2402 816 2458 Urbis
836 2403 999 2474 praefectus
1019 2419 1076 2455 non
1099 2402 1193 2456 ferens
1213 2404 1312 2472 populi

140 2472 315 2526 seditionem
327 2472 412 2526 iussit
421 2473 458 2526 ad
471 2489 501 2526 se
514 2472 580 2526 duci
588 2471 785 2526 beatissimum
791 2469 976 2537 Clementem,
1007 2486 1073 2523 uem
1085 2469 1205 2523 intuitus
1219 2471 1314 2540 coepit

140 2541 252 2594 dicere:
270 2539 295 2592 E
307 2539 398 2594 nobili
410 2539 524 2610 quidem
535 2539 631 2594 radice
643 2538 789 2609 prodiisti,
808 2538 883 2608 quod
894 2537 977 2592 nobis
1016 2554 1117 2592 omana
1128 2536 1211 2607 plebs
1224 2541 1312 2592 testa·

139 2614 201 2676 tur3
220 2607 271 2661 sed
288 2624 407 2662 errorem
424 2607 552 2673 subiisti,
572 2613 601 2662 et
613 2607 677 2661 ideo
690 2623 747 2660 non
760 2605 856 2660 ferunt
868 2605 1026 2670 silentium,
1040 2605 1107 2673 quia
1118 2605 1216 2658 nescio
1229 2621 1312 2674 quem

140 2674 288 2729 Christum
305 2675 377 2729 colis
394 2680 423 2728 et
440 2675 495 2727 diis
514 2675 654 2728 contraria
672 2673 802 2744 suscipis.
838 2673 977 2738 Quocirca
993 2676 1118 2742 oportet,
1136 2678 1168 2724 ut
1186 2673 1220 2725 de
1242 2689 1311 2726 onas

140 2759 255 2796 omnem
268 2741 437 2812 superfluam
454 2742 684 2812 superstitionem
702 2741 835 2811 colasque
854 2758 889 2796 ex
906 2745 1003 2795 nostro
1019 2756 1095 2792 more
1117 2738 1194 2793 deos.
1256 2757 1312 2794 uno

139 2811 246 2865 beatus
260 2809 392 2864 Clemens
405 2809 554 2880 Optarem,
571 2810 679 2880 inquit,
697 2814 764 2864 tuae
777 2808 965 2863 excellentiae
997 2806 1158 2870 rudentiam
1172 2806 1210 2860 ad
1220 2823 1312 2862 meam

141 2877 340 2932 defensionem
349 2879 497 2932 attendere
505 2882 534 2930 et
546 2895 603 2932 non
614 2883 729 2948 propter
741 2876 933 2947 imperitorum
943 2826 1122 2955 seditionem,
1136 2875 1188 2954 sed
1198 2881 1313 2946 propter

140 2962 236 2998 meam
253 2945 409 3000 doctrinam
426 2961 578 2999 accusasse
594 2961 647 2998 me.
682 2945 756 3000 Nam
775 2944 800 2998 si
820 2961 905 2999 canes
925 2944 1008 2997 multi
1027 2943 1237 3010 allatravemnt,
1255 2959 1312 2997 non

139 3018 263 3084 possunt
279 3013 365 3066 etiam
382 3011 492 3067 auferre
510 3012 586 3082 quod
600 3012 728 3066 homines
744 3011 900 3068 rationales
913 3029 1023 3078 sumus,
1041 3011 1153 3082 ipsique
1164 3016 1312 3065 remanent

141 3096 230 3134 canes
251 3080 434 3135 oblatrantes.
469 3079 583 3134 Etenim
601 3079 705 3134 seditio
723 3097 834 3150 semper
850 3081 886 3134 ab
904 3078 1041 3150 imperitis
1059 3077 1204 3149 proficisci
1220 3085 1312 3134 osten·

141 3147 233 3214 ditur,
251 3148 323 3202 adeo
340 3153 373 3202 ut
388 3147 462 3202 nihil
476 3147 582 3202 babeat
597 3153 704 3213 tutum,
725 3164 778 3201 nec
796 3148 883 3200 etiam
894 3163 990 3201 verum
1001 3151 1175 3217 rectumque.
1210 3146 1312 3210 Quam·
1339 3197 1345 3208 ,

141 3215 240 3270 obrem
253 3222 404 3285 quaeratur
419 3215 529 3269 silentii
541 3215 669 3281 occasio,
687 3213 781 3283 inquo
793 3231 844 3292 pro
856 3213 948 3268 salute
961 3231 1012 3268 sua
1023 3213 1107 3268 homo
1118 3214 1237 3268 rationis
1249 3231 1311 3284 par·

140 3282 202 3336 tice
224 3300 237 3335 s
250 3283 326 3354 apud
338 3300 368 3338 se
382 3283 542 3338 consultare
555 3300 589 3338 ac
602 3282 740 3336 disserere
752 3280 882 3350 incipiat,
895 3297 950 3350 quo
962 3297 1058 3334 verum
1067 3280 1161 3334 Deum
1173 3281 1310 3346 inveniat,

142 3350 191 3404 cui
203 3300 290 3404 Idem
303 3369 381 3405 suam
395 3351 482 3422 digne
494 3350 680 3406 commendet.

212 3466 400 3523 CLXXVIII.
437 3468 519 3522 Tunc
537 3466 722 3523 Mamertinus
758 3464 901 3519 raefectus
913 3463 1001 3518 missa
1011 3463 1150 3518 relatione
1163 3463 1200 3517 ad
1212 3462 1310 3518 Traia·

141 3553 210 3588 num
222 3537 422 3607 Imperatorem
439 3537 474 3590 de
490 3535 604 3590 nomine
620 3533 699 3589 beati
716 3483 872 3588 Ciementis
891 3531 996 3586 detulit
1013 3531 1125 3585 dicens:
1144 3529 1229 3585 Hunc
1243 3529 1310 3610 Cle·

141 3609 267 3658 mentem
286 3604 432 3658 seditiosis
449 3603 619 3658 clamoribus
636 3601 758 3672 populus
775 3618 832 3655 non
844 3605 939 3655 cessat
970 3616 1099 3666 naerens,
1113 3596 1209 3652 attide
1222 3599 1310 3670 d1gna

141 3671 273 3742 probatio
285 3671 421 3726 adversus
433 3671 512 3725 illius
525 3676 609 3743 gesta
621 3669 742 3724 inveniri
758 3685 815 3724 non
826 3674 930 3740 potest.
992 3684 1049 3723 unc
1066 3666 1207 3722 Traianus
1219 3665 1310 3738 Impe-

194 3927 253 3995 Cep.
268 3928 395 3978 CLXXV.
433 3925 458 3992 1)
484 3923 706 3996 Τουρκουτιανός
748 3922 776 3993 3)
801 3921 938 3978 σύστασιν
962 3927 982 3975 0
1008 3926 1035 3974 in
1057 3929 1135 3988 textu,
1157 3920 1258 3976 στάσιν
1278 3925 1309 3973 ad

748 4009 824 4044 oram.
842 4021 876 4030 -
895 3989 924 4060 4)
944 3995 989 4044 καὶ
1009 4008 1056 4041 om.
1076 3993 1104 4041 Ο.
1123 4019 1157 4027 -
1176 3989 1204 4050 5)
1220 3986 1309 4055 ἀπάρ·

166 4032 171 4044 Ι
193 4080 253 4146 Cap.
273 4079 413 4131 CLXXVI.
444 4074 471 4146 1)
485 4074 560 4149 ὁμοῦ
574 4079 603 4128 Ο.
748 4061 822 4118 itm
838 4063 867 4111 0·

185 4197 253 4276 Cap.
270 4198 424 4250 CLXXVII.
449 4193 476 4314 lg
491 4195 542 4279 sos}
552 4190 643 4278 sisipov
654 4191 705 4259 τὴν
800 4193 966 4274 CLXXVIII.
1003 4189 1030 4259 l)
1050 4187 1121 4244 Τότε
1136 4184 1308 4272 ῌούβλιοςό

142 4278 241 4317 στασιν
265 4265 318 4318 ord.
343 4266 374 4318 V.
402 4293 436 4302 —
477 4267 596 4327 lauros
619 4264 647 4313 0.
671 4289 705 4300 -
752 4265 956 4331 Tooxourmvoc
972 4255 1217 4328 vulp—Moysen
1235 4259 1307 4308 0.-

143 3995 163 4045 0
