3126 4894
260 325 319 390 132
427 303 438 322 ⁰
726 335 954 390 οεοιιεωτωι

343 494 432 555 XIII.
470 491 551 574 Ἐμού
564 489 637 598 μέγΙ
659 489 718 592 γιίρ
734 488 876 560 εἰπόντος·
897 487 934 552 σύ
944 512 1003 593 μην
1024 485 1109 568 μόνον
1130 487 1196 560 τούς
1217 489 1268 550 τού
1293 488 1434 588 φανέντος

260 582 332 644 θεοῦ
350 577 398 650 ούς
400 575 538 682 ήκουηας
556 576 670 676 4'4444'040
682 573 797 722 λύγους,
819 571 908 678 κάγὼ
916 576 956 650 τῴ
971 573 1027 653 ε’μῲ
1042 571 1186 653 κοσμήσας
1200 571 1272 654 λύγῳ
1286 576 1337 634 τοῦ
1358 575 1433 635 θεοῦ

260 661 408 768 κηρύξω
381 687 429 746 την
439 659 526 744 βουλε
527 685 583 732 σιν,
603 654 649 722 καλ
669 657 723 722 41'0
745 656 833 730 οὕτως
853 657 931 728 ἐντὸς
948 654 1078 760 ὀλίγων
1065 661 1180 758 νγμεροιῖνν
1193 655 1357 760 σομρλεύσω
1373 673 1431 720 σοι·

260 745 368 851 λίαν
339 773 393 847 γαρ
411 745 533 848 ποβοῖ’
517 739 562 848 444?
582 744 630 810 τὸν
649 747 699 825 τής
715 741 854 814 ’404044‘444
872 743 1004 824 γενέσθαι
1021 739 1120 804 τόπον
1144 741 1220 821 τάχα
1234 739 1264 804 δὲ
1278 737 1326 803 καλ
1346 766 1432 846 00404·

261 831 336 913 κήσω
355 828 418 935 ύμῖν
431 829 481 893 τὸν
486 827 591 932 πάγτα
605 853 657 926 μου
671 832 721 909 τής
735 827 809 932 ζιηής
820 825 934 930 χρόνον·
940 824 1059 897 ἳαάτὸς
1072 829 1166 929 ταῦτα
1182 824 1306 933 ἀγούσας
1320 825 1432 904 ἀπεκρέ·

260 932 341 978 νατο
364 914 398 977 σύ
420 913 448 976 44'
461 910 511 992 μέν
533 912 692 1012 ἱστορησαι
697 911 735 974 τὰ
754 909 873 992 ἡμέτερα
885 935 933 973 και
925 906 1053 990 μαθεῖν
1072 909 1106 973 τὸ
1119 910 1257 991 συμφέρον
1271 911 1376 982 θελεις,
1392 911 1432 982 ἐξ·

262 1002 349 1080 αυτής
362 1024 408 1077 μοι
422 995 606 1076 σύμπλευσον
627 1021 649 1060 ει
647 993 694 1059 ’δέ
708 1021 741 1058 οο
731 993 857 1100 ’βούλει,
877 993 913 1057 τὰ
933 1004 1033 1074 σημεῖα
1052 997 1102 1075 τῆς
1115 993 1247 1094 οἰκήσεώς
1250 1019 1324 1104 μου
1329 988 1377 1098 καὶ
1392 987 1432 1056 οῖν

261 1082 402 1190 &4244st
385 1079 439 1164 εγοῖ
458 1105 502 1143 σοι
519 1078 638 1180 σήμερον
651 1082 719 1160 ἐροῖ,
739 1105 785 1142 ινα
797 1103 846 1142 044
859 1078 949 1181 βούλει
968 1077 1096 1142 44404’
1079 1082 1192 1182 4414044'44
1211 1075 1286 1160 ήμῖν
1306 1077 1362 1160 ἐγὼ
1377 1079 1432 1160 γὰρ

262 1165 357 1270 αύριρν
379 1160 610 1272 ηορεύσομαι3’
594 1189 638 1226 ενα
661 1163 699 1226 τὰ
700 1165 849 1266 4’44444400.
871 1158 919 1226 καὶ
941 1163 974 1266 δή
997 1161 1181 1243 αδοσούνιητον
1201 1162 1267 1226 ιδών
1287 1167 1432 1268 συνήλθρν

262 1249 338 1356 444’4443
355 1252 431 1330 μέχρι
452 1252 502 1311 τού
521 1250 640 1351 λιμεῖος,
662 1273 709 1310 και
726 1247 832 1351 μαθώη
849 1246 915 1327 παρ’
934 1245 1034 1321 αὐτοῦ,
1053 1245 1128 1327 ἀπερ
1135 1247 1236 1352 ἔλεγεν
1255 1256 1356 1326 σημεῖα
1375 1250 1433 1308 τοῖν

261 1334 400 1414 οίκ’,νσεων
416 1333 483 1436 ἔφην
499 1332 587 1411 αύτῷ
603 1332 631 1394 44'
640 1331 699 1438 μή
691 1330 734 1394 ὅτι
748 1329 843 1412 αύριύν
857 1330 940 1394 44¹²
920 1355 1034 1394 απαιτω
1020 1329 1225 1456 ὀφεάηῖμενύν
1238 1356 1300 1434 μοι,
1313 1330 1433 1433 ἐξαυτῆς

262 1417 297 1482 ἀν
311 1363 467 1482 ’συνέπλεόν
486 1433 542 1520 044
571 1415 642 1521 πλήν
664 1413 758 1496 τάχιύν
784 1440 816 1478 σε
837 1413 1063 1521 κατυλήιηομαι.5
1085 1441 1133 1521 και
1154 1419 1247 1478 ταῦτα
1271 1413 1359 1478 εἰπεῖν
1384 1409 1434 1477 καλ

261 1503 462 1608 παραθεμενος
483 1501 570 1564 αὐτὸν
592 1509 652 1571 τοῖς
674 1504 724 1562 τού
745 1496 879 1562 πλοίου
866 1499 1037 1581 ηγουμένικς,
1060 1497 1233 1581 ύπελντρυφον
1253 1497 1432 1579 λυπούμενος,

260 1587 431 1668 μεμνημένος
444 1609 495 1648 τοο
483 1589 598 1648 καλοῦ
592 1580 658 1646 ικαλ
672 1583 813 1688 συνήθους
826 1584 920 1689 φιλοο.

346 1667 431 1728 XIV
466 1667 596 1749 Ἡμεροῖν
612 1665 641 1731 δὲ
655 1669 807 1750 διατρίψας
826 1663 873 1730 καλ
892 1667 925 1730 τὸ
939 1667 1019 1768 γρέος
1032 1666 1082 1748 οὐχ
1101 1665 1166 1730 ὅλον
1180 1669 1283 1770 λαβεῖν
1289 1663 1430 1774 δοηηβεις,

262 1751 365 1834 τείχους
379 1751 459 1816 ἕνεκα
474 1751 616 1834 ἀμελήσας
631 1775 679 1854 440
666 1749 953 1832 περιλειφθέντος’
933 1778 973 1822 ως
987 1750 1148 1832 ἐμποδύνυ”
1131 1775 1222 1828 04404,
1236 1747 1283 1814 καλ
1296 1751 1384 1824 αὐτὸς
1394 1753 1434 1824 είς

261 1837 400 1900 Ἰουδαίαν
415 1837 591 1910 ἀπεπλευσα,
611 1861 658 1898 και
651 1831 724 1898 διὰ
739 1833 921 1898 δεκαπέντε
906 1839 1014 1938 ημεροῖν
1029 1836 1067 1906 44’4·
1081 1835 1258 1942 Καισάρειαγ
1272 1833 1434 1940 404444404

262 1920 312 2027 444
330 1919 509 2004 Στράτωνος.
529 1920 677 2022 ἐπίβαντος
695 1920 728 1982 δέ
744 1946 798 2026 μου
816 1924 866 2001 τῆς
884 1924 934 2002 γής
952 1945 999 1982 και
991 1915 1112 1994 ξενίαν
1129 1921 1294 2001 θηρωμένου
1312 1919 1434 2023 ἔμαθον,

261 2004 305 2070 ὅτι
321 2007 431 2131 Πβτρος
445 2029 486 2077 τις
499 2002 656 2105 λεγόμενος,
675 2007 725 2066 τού
740 2007 768 2068 έν
781 2005 903 2107 Ἰουδηιήι
918 2005 1053 2084 φανέντος
1068 2003 1155 2083 Ἰησοῦ
1170 2007 1295 2084 Χριστοῦ
1309 2003 1370 2066 04‘04'4
1383 2007 1435 2066 τοῦ

263 2089 536 2170 θεού,1τουσημεια
551 2114 597 2150 και
612 2088 716 2192 τέρατηι
731 2086 925 2168 πεπαηκότος,
944 2085 1198 2166 ὁδοκιμοῖτατος
1185 2087 1318 2190 υπάρχων
1339 2098 1435 2192 μαθη-

263 2197 325 2274 της,
347 2172 443 2275 μύρων
461 2174 569 2252 Σίμωνι
589 2176 629 2250 τῷ
651 2172 709 2234 ἀπο
697 2169 888 2234 Γιτθοῖν
857 2181 992 2252 ..αμαρεῖ
1010 2171 1117 2253 ζήτησιν
1131 2181 1250 2276 πριεῖται
1255 2170 1397 2274 λύγωνῧ
1380 2171 1434 2252 εγω

263 2253 293 2318 δε
307 2259 399 2356 ταῦτα
413 2255 539 2328 ἀκούσας
552 2255 671 2361 ἐδεήθην
691 2256 742 2336 τήν
755 2253 854 2318 τούτου
867 2281 914 2336 μοι
927 2260 1084 2359 μηνυθύγναι
1097 2255 1197 2336 μονήν
1216 2281 1264 2319 και
1279 2253 1357 2335 ὅμως
1370 2255 1434 2357 ἐμα-

263 2347 333 2414 θον,
348 2365 394 2443 4404
409 2366 449 2419 τερ
437 2341 597 2442 πηλοῖνι’
581 2341 708 2443 4444'0444
729 2365 755 2402 04
750 2337 853 2403 442’
837 2367 865 2404 εν
880 2343 920 2418 τῴ
935 2336 1001 2418 οίκω
1016 2341 1198 2441 ἀητεβαλλον,
1213 2341 1255 2412 τίς
1268 2337 1352 2403 τεοῖο
1367 2335 1435 2402 και3

263 2421 387 2488 πύθετ’
370 2450 436 2525 4404.
455 2451 501 2488 και
493 2419 576 2490 ἰδου
591 2422 759 2528 Βαρηάβας
766 2422 886 2527 ἐκββς
865 2449 926 2504 αμα
939 2423 1008 2486 400¹
1028 2423 1093 2486 ι’δεῖν
1112 2422 1283 2531 περγεπλάιιη
1297 2449 1345 2504 μοι
1362 2423 1435 2488 πολὺ

263 2509 367 2588 χαίρων
387 2534 434 2571 και
459 2507 605 2612 δαιτρεύειν·
621 2534 670 2612 και
661 2504 841 2592 λαβόμενός
858 2533 913 2589 μου
934 2511 985 2589 της
1002 2507 1092 2588 χειρὸς
1110 2507 1247 2609 44’04'444444
1266 2509 1342 2571 ἔνθα
1364 2505 1431 2591 ήν
1416 2534 1433 2571 0

264 2594 375 2671 Πέτρος
393 2594 479 2674 λέγων
492 2606 551 2674 μοι·
575 2585 656 2664 ούτύς
677 2595 734 2656 ἐστι
749 2593 871 2674 Πέτρος,
890 2590 924 2654 ὃν
941 2593 1090 2695 μέγιστον
1082 2587 1127 2653 ἐπὶ
1141 2595 1175 2672 νή
1191 2595 1242 2655 τού
1258 2595 1332 2656 θεοῦ
1345 2617 1435 2694 σοφιᾳ

264 2675 464 2758 ἐπηγγελλόμην
478 2701 530 2751 004,
545 2671 568 2755 ᾧ
584 2675 739 2780 ἀπαύστως
753 2674 897 2781 4¹I4404'
856 2700 952 2740 παντα
966 2676 1004 2738 τὰ
1019 2674 1094 2738 κατὰ
1108 2701 1140 2738 04
1131 2673 1266 2739 καλά”
1246 2701 1308 2756 αμα
1322 2673 1369 2740 καὶ
1384 2703 1434 2759 την

264 2760 423 2839 προαίρεσιν
438 2757 616 2866 ἐξέφηναΓ
596 2786 635 2830 ως
650 2759 735 2824 αὐτὸν
750 2761 896 2862 γλίχεσθαι
911 2786 958 2823 και
950 2756 1039 2864 ι”δεῖρ
1054 2783 1094 2822 σε.
1107 2759 1178 2842 μέγα
1192 2757 1240 2822 ούν
1252 2759 1329 2838 αύτῳ
1316 2763 1435 2866 δωρην

264 2867 296 2906 σε
309 2842 355 2904 διά
370 2847 426 2905 τῶν
440 2845 673 2932 ἐμοῖνπροσφερω
686 2849 796 2924 χειροῖν
812 2840 860 2907 καὶ
874 2848 958 2908 τοῦτο
971 2843 1055 2908 ειῖτάνν
1069 2845 1255 2926 προσενέγκας
1269 2844 1332 2925 ἔφη·
1352 2838 1436 2917 ούτύς

264 2928 322 2990 ἐστι
326 2923 478 3006 6Κλήμης,
495 2929 595 3029 Πέτρε.

347 3009 416 3066 XV.
452 3006 526 3071 0δέ
540 3005 657 3091 ἀγαθοῖς
671 3009 816 3091 προσπτδν
817 3035 871 3082 σας
886 3009 947 3091 ἅμα
962 3012 1020 3090 τηῖ1
1036 3010 1155 3074 ἀκούσαι
1169 3011 1202 3074 τὸ
1217 3011 1309 3092 ὄνομα
1324 3037 1436 3096 κατεφι-

262 3098 339 3174 λησε,
362 3089 409 3155 καὶ
431 3098 567 3174 καθεσθν
569 3120 615 3155 ναι
632 3119 667 3175 με
690 3092 809 3174 ποιήσας
827 3096 983 3176 ἐξαυτῆς
967 3111 1030 3194 εφη
1052 3097 1184 3167 καλεῖς’
1168 3097 1301 3176 ἐποίησας
1318 3097 1368 3160 τὸν
1384 3101 1435 3179 τῆς

263 3131 450 3256 ἀληθείας’
416 3201 522 3274 κηρυκα
537 3177 596 3251 ξεν
577 3202 647 3249 ισας
658 3177 857 3284 Βαρνηίβαν’
829 3204 868 3250 εις
883 3182 962 3260 τιμήν
976 3183 1024 3242 τού
1036 3176 1117 3250 ὄντος
1128 3184 1199 3242 θεοῖν
1208 3180 1434 3283 μιγαλοφρύγως,

262 3259 312 3324 ούκ
335 3256 491 3366 αι’δεσβεις,
512 3260 546 3324 ού
566 3257 750 3342 φοβηθεις
723 3288 773 3325 τον
794 3267 850 3326 τοῖν
872 3262 1048 3326 ἀπαιδεύτων
1068 3263 1158 3342 ὄχλων
1172 3263 1275 3344 θυμόν.
1296 3263 1436 3366 μακάριος

263 3344 320 3447 ἐση.
336 3342 375 3415 ὡς
390 3345 443 3446 γὰρ
457 3343 492 3408 σύ
506 3344 556 3408 τὸν
570 3349 620 3426 τής
635 3345 775 3427 ἀληθείας
788 3346 987 3450 πρεσβευτήν”
970 3350 1060 3411 ονταῗ
1075 3349 1090 3409 ἐ
1089 3346 1284 3451 ξἐνισηςπάση
1298 3353 1371 3429 τιμή,
1387 3376 1435 3412 και

263 3426 334 3508 αύτνγ
352 3453 384 3492 σε
402 3426 419 3532 ή
442 3427 565 3533 ἀλήθεια
584 3430 696 3535 44444‘
679 3456 749 3495 0440
768 3457 818 3512 τνγς
836 3432 909 3504 ι’δίας
927 3431 1035 3504 πόλεως
1053 3430 1223 3533 καταστήσει
1240 3430 1367 3514 πολίτην
1387 3429 1434 3496 καλ

224 3555 226 3558 -
262 3512 326 3574 τότε
344 3511 451 3610 χαρήση
467 3512 647 3616 μεγάλως,’
629 3539 672 3577 044
690 3519 872 3621 βραχεῖαν
841 3540 890 3578 νυν
905 3517 1037 3587 δανείσας
1055 3513 1148 3597 χάριν,
1166 3517 1326 3620 προαιρεσιγ
1327 3461 1435 3599 ’λόγων

262 3598 367 3667 καλεῖν,
382 3596 480 3657 ἀιδίων
494 3593 541 3658 καλ
561 3597 758 3704 ἀναφαιρέτων
772 3599 926 3703 0'440444434'
909 3625 957 3704 444
973 3600 1146 3702 κληρονόμος.
1165 3625 1214 3662 και
1227 3599 1265 3682 μή
1279 3599 1367 3704 κβμγε
1386 3601 1435 3664 ἀν·

261 3675 398 3758 τιβάλλων
418 3704 463 3756 γιον
485 3679 518 3741 τὸ
540 3680 589 3743 σύν
608 3680 693 3762 ήθος
716 3681 813 3786 πάνηα
831 3682 885 3785 γὰρ
905 3683 942 3746 τά
961 3683 1036 3747 κατά
1051 3708 1083 3746 σε
1102 3681 1118 3745 ὁ
1139 3682 1307 3788 ἀψευδής’
1288 3709 1364 3766 απηγ
1337 3684 1436 3790 γγγειλε

262 3759 428 3866 Βαρνάβας,
443 3762 541 3863 σηεδὸν
555 3765 626 3826 καθ’
642 3763 744 3846 ἡμέραν
759 3765 808 3846 τήν
825 3766 940 3870 ἀγαθήν
954 3792 1005 3830 000
1002 3767 1182 3873 ποιούμενρς
1195 3767 1308 3871 μνήμην.
1324 3794 1372 3831 και
1387 3795 1436 3831 ινα

261 3867 305 3906 σοι
319 3846 347 3908 ἐν
362 3845 475 3944 ἐπιτομῇ
491 3871 530 3917 ως
544 3849 645 3927 γνησίῳ
663 3849 776 3950 φιλῳ
749 3875 783 3910 το
801 3850 978 3953 προκρίμεηον
992 3853 1058 3928 ε’ροῖ·
1078 3854 1106 3914 44’
1121 3879 1159 3932 μη
1181 3853 1230 3915 004¹
1244 3877 1268 3913 44
1285 3853 1435 3954 ἐμποδιζει,

261 3927 460 3990 συνόδιυσον
448 3939 510 4030 ημῖν
531 3931 753 4036 μεηαλημβάνων
773 3937 830 4034 4034
852 3959 902 4015 444
905 3934 1062 4038 ἀληθείας
1080 3934 1186 4016 λόγων,
1209 3930 1249 3999 υῖν
1263 3936 1338 3999 κατὰ
1353 3933 1436 3999 πόλιν

263 4021 419 4086 ποιεῖσθαι,
432 4011 524 4092 μέλλω
538 4014 615 4093 μέχρι
626 4013 734 4096 Ῥώμης
749 4017 844 4097 αὐτῆς.
866 4044 913 4080 και
927 4018 962 4080 σύ
977 4015 1048 4082 δύ’
1020 4045 1041 4082 ει
1058 4044 1084 4081 τι
1097 4017 1196 4139 βούλει,
1211 4021 1280 4102 λεγε.

346 4111 432 4172 XVI.
449 4113 562 4216 Κάγω
583 4115 768 4217 ἐξεθέμην
740 4142 809 4220 444
812 4116 862 4179 ἀπ
884 4117 972 4199 ἀρχῆς
991 4144 1044 4223 4404
1065 4119 1240 4224 προαίρεσιν,
1263 4116 1372 4193 κανοῖς
1395 4145 1437 4194 εις

261 4192 414 4297 ζητήσεις
398 4222 453 4257 απι
452 4221 522 4276 ρους
537 4196 695 4304 ἐκινήθην,
706 4195 753 4261 κάλ
767 4197 864 4263 πάντα
878 4200 933 4264 ὅσα
948 4227 992 4264 σοι
1011 4228 1061 4305 444
1074 4202 1165 4309 ἀργήν
1179 4203 1405 4310 προεδήλωσα,
1388 4231 1437 4268 ινα

259 4275 296 4354 μή
310 4274 348 4337 τά
364 4277 438 4340 αὐτοὶ
457 4278 540 4341 πάλιν
555 4279 664 4378 γοάφω.
679 4282 732 4387 ἐγὼ
753 4281 783 4346 δὲ
802 4284 925 4365 ἔλεγον·1
944 4309 987 4348 σοι
1002 4284 1051 4364 μέν
1066 4288 1182 4364 ἑτοίμως
1197 4288 1251 4368 ἔχω
1265 4287 1433 4352 συνοδεύων·

259 4361 342 4420 τοῦτο
356 4360 410 4438 γὰρ
423 4363 474 4422 οὐκ
488 4363 538 4423 οιδ
560 4365 638 4434 οπως
656 4367 760 4444 χαίρων
774 4368 866 4428 0420·
887 4367 959 4446 πλήν
977 4393 1039 4448 περι
1032 4366 1194 4450 ἀληθείας
1208 4375 1321 4451 πρώτον
1334 4378 1436 4452 πληρο
