3162 4900
359 337 404 386 ln
418 335 710 388 onnunuusnou.
724 337 817 394 onan
830 337 906 388 rnn.
919 337 1095 390 nonnus,
1249 325 1312 390 269

138 491 200 539 tarn
212 483 318 536 Homil.
332 481 382 551 lV,
397 484 428 536 16
441 499 525 552 quam
542 483 624 538 Hom.
638 482 688 550 Vl,
705 481 853 536 ilCeelum
869 500 886 537 a
904 481 1037 552 Saturno,
1057 502 1115 539 non
1131 484 1281 540 Saturnum
1294 505 1312 542 a

136 553 211 608 Jove
234 555 389 630 castratum
409 551 617 631 commemorari
635 556 720 620 atquc
742 550 832 605 altero
849 550 912 605 loco
934 552 1020 631 etiam
1037 552 1178 606 Venerem
1196 553 1276 608 Caeli
1295 571 1311 608 e

138 634 281 698 ΨΜ
298 623 403 738 ⁰³⁸⁰¹l
424 635 499 738 ‘lat
512 617 1192 742 ΡὲἒοὶῗέἰῖοιῖῗιῗὲὛα(1111111101ἶὶ5Ιέἓὲ
1206 626 1312 742 tlt}

137 686 450 820 ggqqqelqquqqaaquq
462 703 608 822 appendi,
622 703 688 806 nonq·
709 727 824 818 lacebit,
838 702 1068 822 opidor·‚³mutaie
1079 755 1166 809 verba
1179 729 1208 817 l}
1220 756 1310 827 Οὖρα-

138 825 199 876 νοῦ.
219 819 319 874 Potius
335 820 376 873 sic
385 819 572 890 judicandum
585 820 651 888 erit,
668 771 800 890 aliquem,
818 837 903 889 quum
920 821 949 873 in
967 838 1013 892 ea,
1034 839 1118 892 quam
1132 823 1311 892 sequebatur,

137 886 307 942 recensione
321 887 458 956 scriptum
470 886 657 957 repperisset:
676 890 717 943 ἔτι
734 891 764 943 δὲ
776 895 907 960 μίγνυται
920 888 1027 961 ιἰι1ιι1φη
1042 911 1073 958 τη
1086 912 1161 959 αυτηι
1193 897 1310 965 ινομένη

137 955 197 1011 άπὸ
211 957 260 1022 τῆς
275 954 387 1024 Κρόνου
404 957 533 1027 ἰκτομης,
551 954 666 1008 illorum
682 955 800 1009 aliorum
818 956 942 1009 locorum
959 948 1124 1022 mer‘nor'em,
1143 973 1160 1010 a
1181 963 1309 1012 notasse:

138 1026 170 1085 ἐξ
184 1023 224 1078 Ob
243 1027 312 1079 ανοῦ
323 1028 367 1076 καὶ
382 1020 532 1089 Θαλάσσης,
547 1026 633 1092 atque
646 1022 687 1076 ita
700 1021 771 1076 haec
785 1023 873 1076 verba
886 1022 916 1076 in
928 1029 1046 1090 textum,
1059 1042 1172 1094 quemn
1192 1026 1311 1095 pellant,

138 1107 204 1144 esse
222 1043 312 1146 illata.
341 1092 368 1142 ls
386 1105 454 1142 vero
471 1087 532 1142 fieri
549 1095 645 1158 potest
662 1097 694 1143 ut
710 1089 786 1143 idem
806 1089 893 1144 fuerit
910 1091 958 1160 qui
975 1090 1057 1145 Hom.
1076 1092 1124 1154 lV‚
1146 1097 1178 1146 lt
1198 1093 1311 1148 addidit

139 1158 241 1212 verba:
257 1163 299 1212 κα1
314 1161 347 1222 τῆ
360 1157 641 1234 σιἰριινίᾳἈηροᾷίτη,
659 1156 688 1212 “r
700 1177 773 1219 τινες
784 1157 928 1227 Δωδώνην
939 1164 1064 1230 λέγουσι,
1083 1160 1140 1212 illis
1159 1160 1310 1214 simillima.

138 1225 213 1278 Esse
226 1231 322 1279 autern
332 1212 406 1278 baec
423 1224 510 1277 verba
527 1241 618 1277 serius
631 1180 730 1278 addita
741 1224 778 1278 ab
791 1225 848 1278 alia
864 1243 961 1292 manu,
977 1227 1054 1290 luce,
1071 1227 1183 1296 opinor,
1205 1225 1311 1280 clarius

140 1299 196 1347 est.
214 1293 315 1362 Neque
326 1291 401 1346 enim
414 1291 572 1344 audiendus
581 1290 663 1358 foret,
678 1292 701 1344 si
714 1292 777 1360 quis
790 1293 829 1358 id,
842 1293 919 1362 quod
927 1293 1025 1347 Venus
1037 1295 1119 1348 Hom.
1129 1293 1172 1347 IV
1172 1335 1179 1360 ,
1189 1295 1222 1347 16
1235 1309 1312 1346 soror

139 1359 223 1414 «lovis
240 1359 415 1430 appellatur,
438 1358 504 1411 inde
527 1358 725 1438 explicandum
747 1367 890 1424 censeret,
911 1360 987 1430 quod
999 1361 1133 1431 ‚luppiter
1155 1359 1310 1414 secundum

139 1427 279 1496 quosdam
295 1425 477 1496 mythologos
495 1424 574 1479 Caeli
592 1424 747 1480 filiuserat
767 1426 826 1488 (cfr.
844 1426 936 1480 Cicer.
955 1427 990 1479 de
1008 1427 1073 1481 Nat.
1091 1428 1176 1482 Deor.
1193 1427 1245 1494 Ill,
1257 1427 1312 1497 21).-

139 1497 214 1548 Nam
230 1495 418 1548 Homiliarum
437 1493 556 1562 scriptor
575 1493 683 1546 nullum
700 1499 814 1563 praeter
832 1494 983 1548 Saturnum
996 1495 1078 1549 Jovis
1115 1501 1205 1549 atrem
1223 1493 1310 1550 novit.

139 1562 240 1616 Potius
253 1561 346 1628 homo,
359 1578 442 1631 quem
455 1561 584 1626 dicimus,
600 1577 684 1629 quum
698 1562 748 1627 τὴν
765 1561 897 1630 οὐρανίαν
910 1561 1076 1634 Ἀφροδίτην
1108 1562 1168 1616 ovis
1186 1578 1311 1616 sororem

142 1646 206 1684 esse
218 1629 302 1698 velit,
319 1629 461 1685 Venerem
475 1628 557 1680 simul
571 1644 605 1681 ex
618 1626 704 1681 Coelo
718 1634 746 1681 ct
763 1627 884 1682 Saturno
896 1629 1035 1700 originem
1052 1629 1165 1683 duxisse
1178 1629 1311 1682 statuerit

140 1713 260 1750 necesse
281 1703 338 1764 est,
360 1713 432 1765 quac
451 1695 550 1750 eadem
573 1695 717 1748 sententia
734 1697 865 1750 extricari
881 1702 976 1776 potest
993 1714 1027 1750 ex
1043 1697 1137 1751 verbis
1158 1696 1188 1750 in
1206 1695 1310 1751 Homil.

140 1763 175 1833 V,
189 1765 223 1818 13
254 1764 349 1832 ositis,
368 1763 392 1816 si
410 1763 518 1817 locutio
533 1764 546 1831 'l
560 1761 671 1833 Κρόνου
684 1764 785 1838 ἰκτσμη
798 1763 970 1835 intelligitur
983 1765 1017 1819 de
1030 1764 1214 1831 castratione,
1227 1781 1310 1833 quam

140 1830 214 1886 fecit
233 1782 383 1886 Saturnus.
420 1829 557 1884 Saturnus
579 1829 654 1883 enim
673 1837 801 1885 castrans
824 1830 940 1885 Caelum
963 1843 1049 1902 atque
1070 1833 1111 1886 ita
1132 1830 1261 1886 efficiens
1279 1835 1311 1883 ut
1372 1841 1377 1854 ·

140 1899 239 1952 Venus
252 1906 426 1965 nasceretur,
439 1897 644 1967 quodammodo
658 1904 687 1951 et
699 1899 708 1951 i
730 1915 760 1952 se
773 1917 823 1969 pro
855 1906 916 1952 atre
926 1899 1047 1954 Veneris
1059 1899 1158 1954 baberi
1167 1900 1311 1969 potest.—

140 1966 274 2036 Denique
287 1968 373 2020 etiam
385 1965 440 2020 hoc
453 1965 583 2044 dignum,
600 1964 637 2018 ad
649 1917 728 2034 quod
737 1917 915 2035 attenditur,
927 1966 1003 2021 hunc
1016 1968 1110 2022 locum
1123 1973 1152 2020 et
1165 1983 1243 2029 eum,
1261 1963 1310 2035 qui

139 2033 208 2088 huic
221 2051 266 2088 res
287 2035 376 2088 ondet
388 2033 417 2087 in
428 2032 578 2103 Recognrt.
591 2031 628 2098 X,
642 2033 683 2101 211,
696 2034 795 2088 unicos
808 2051 871 2088 esse
883 2034 985 2103 videri,
1002 2035 1032 2088 in
1049 2035 1151 2106 quibus
1163 2034 1263 2088 lovem
1277 2049 1311 2086 ex

140 2101 253 2155 Venere
267 2052 376 2172 Cyprin
388 2101 539 2154 sustulisse
552 2117 585 2153 co
608 2117 766 2154 noscamus.
796 2100 929 2156 Amorem
944 2102 1026 2157 Jovis
1043 2109 1072 2156 et
1083 2101 1205 2158 Veneris
1217 2099 1308 2154 filium

142 2187 159 2223 a
202 2169 275 2224 oscit
302 2169 389 2224 etiam
405 2167 526 2222 Rufinus
545 2167 575 2221 in
619 2184 717 2239 ccogn.
735 2169 773 2236 X,
793 2168 841 2222 34:
861 2169 954 2236 „Nam
973 2171 1008 2225 de
1025 2171 1137 2225 Venere
1152 2169 1207 2223 hoc
1227 2167 1311 2223 modo

141 2253 159 2290 a
184 2239 310 2308 egeriam
323 2237 453 2290 tradunt:
472 2235 531 2301 ubi,
545 2237 636 2305 ajunt,
649 2235 757 2290 aetheri
771 2237 932 2318 subjectum
942 2243 986 2291 est
998 2240 1128 2309 pelagus,
1142 2255 1205 2290 cum
1216 2253 1310 2306 reper-

143 2321 245 2383 cussus
263 2305 345 2426 aquis
365 2303 498 2374 splendor
516 2304 590 2357 coeli
643 2303 716 2357 atior
727 2304 903 2383 refulsisset,
921 2311 1056 2359 venustas
1068 2322 1173 2382 rerum,
1191 2319 1264 2372 quae
1277 2319 1311 2355 ex

142 2371 1310 2515 itt?attttttf'pttlttt,patebaturlztnlttutflltttltltt

142 2515 297 2587 memorata
309 2511 383 2560 est.“
444 2505 546 2559 audem
559 2506 759 2577 genealogiam
777 2505 904 2575 sequitur
915 2511 1084 2586 personatus
1094 2455 1242 2586 Vergilius
1255 2502 1311 2557 Crr.

142 2572 1311 2712 blitiltlttttstllttltt:tuttelstettbttttlttgtttttl

142 2709 207 2762 loeo
221 2710 255 2763 de
270 2708 394 2778 Cypride
404 2708 593 2778 proferuntur,
607 2725 683 2762 error
694 2709 794 2763 subsit.
814 2709 869 2772 Qui
878 2708 953 2761 unde
964 2714 1047 2762 natus
1061 2709 1107 2774 sit,
1120 2726 1177 2762 non
1191 2705 1311 2760 difficile

144 2777 232 2831 dictu.
250 2778 360 2845 Κούραν
369 2775 478 2854 Διώνης
489 2777 602 2848 Κύπριν
614 2776 742 2845 appellat
751 2775 903 2846 Euripides
912 2775 1013 2829 Helen,
1027 2775 1138 2841 τ.1098,
1153 2775 1205 2828 sed
1212 2772 1312 2844 procul

144 2843 232 2898 dubio
245 2844 361 2898 Dionen
373 2843 541 2913 intelligens
558 2843 692 2910 eandem,
711 2862 795 2913 quam
807 2844 913 2914 primus
927 2844 1066 2897 Homerus
1079 2849 1108 2897 et
1140 2841 1234 2896 lurimi
1244 2845 1312 2920 post

142 2911 297 2965 Homerum
309 2911 430 2966 Veneris
442 2915 560 2964 matrem
570 2916 689 2978 vocant,
703 2911 812 2977 ierem,
826 2911 872 2964 eui
885 2911 1005 2965 debetur
1017 2909 1105 2981 Cypri
1127 2929 1151 2964 rs
1163 2913 1270 2964 mentre
1282 2907 1312 2961 in

142 2978 249 3034 Homil.
263 2984 292 3032 et
306 2979 335 3032 in
346 2978 473 3048 Recogn.
486 2977 573 3045 facta,
585 2995 732 3049 perperam
745 2979 884 3051 cogitavit
902 2981 936 3034 de
949 2978 1060 3033 Venere
1073 2978 1143 3049 ipsa.
1179 2977 1312 3031 Ceterum

144 3047 202 3100 ista
213 3046 248 3100 de
262 3045 385 3116 Cypride
398 3045 484 3098 verba
494 3046 584 3099 serius
597 3046 710 3099 demum
722 3064 784 3101 esse
797 3047 904 3112 addita,
916 3047 1000 3101 nobis
1015 3046 1129 3116 quidem
1142 3063 1176 3100 ex
1189 3062 1222 3099 eo
1233 3043 1311 3098 vidc-

144 3119 192 3167 tur
203 3131 348 3183 apparere,
359 3113 435 3183 quod
450 3112 552 3183 Cypria
566 3113 596 3166 in
608 3113 859 3186 altero'Recognit.
873 3115 935 3169 loco
949 3114 1032 3169 modo
1043 3114 1186 3184 exscripto
1199 3111 1312 3167 omnino

142 3198 201 3236 non
213 3187 454 3235 commemoratur.

211 3249 243 3302 P.
257 3247 316 3317 143,
325 3248 343 3300 4
353 3266 412 3318 sqq.
425 3248 497 3302 hacc
508 3247 586 3302 edita
595 3247 786 3317 reperiuntur:
798 3249 947 3322 Ἀμαλθείᾳ
958 3251 988 3303 δὲ
1000 3251 1033 3322 τῇ
1047 3247 1313 3330 φώκσυῗὸμοιιυθιὶς

143 3316 236 3386 ἄρκτῳ
255 3315 453 3380 συνευνάζεται.
472 3322 516 3371 καὶ
529 3313 624 3389 Δανάη
639 3317 671 3391 τῇ
681 3317 820 3387 Ἀκρισίου
827 3314 934 3386 χρυσὸς
951 3315 1082 3386 ἔπιρρὺη,
1100 3318 1128 3374 ἐξ
1144 3336 1175 3381 ης
1190 3312 1313 3385 Περσεὺς

144 3382 260 3454 ιἰνέπτη.
279 3389 433 3440 Καλλιστοῖ
450 3387 484 3458 τῇ
502 3382 649 3444 Λυκάονος
666 3381 792 3453 ἠγριώθη
810 3388 893 3441 λέων,
916 3388 960 3436 κα1
982 3380 1066 3438 άλλον
1086 3387 1169 3436 τίκτει
1189 3379 1310 3450 Ἀρκάδα.

144 3451 215 3505 Post
228 3449 417 3514 συνευνάζεται
432 3451 573 3505 excidisse
586 3450 687 3519 verba,
706 3450 809 3519 quibus
826 3449 861 3502 de
874 3447 935 3503 filio
957 3447 1151 3520 significatum
1164 3445 1312 3567 aratiam

143 3535 178 3572 ex
195 3535 230 3573 eo
243 3519 351 3586 elucet,
371 3519 446 3588 quod
458 3517 646 3573 Homiliarum
659 3517 779 3587 scriptor
788 3527 1012 3570 ‘commemorare
1025 3516 1114 3583 solet,
1133 3530 1228 3584 quiex
1260 3527 1312 3565 ove

143 3591 173 3640 at
194 3602 230 3639 ue
248 3585 375 3654 feminis,
410 3587 559 3640 uibuscum
575 3585 738 3651 concubuit,
761 3584 817 3638 orti
838 3584 902 3639 sint.
936 3583 1048 3638 Revera
1064 3583 1093 3638 in
1111 3580 1264 3653 Recognit.
1275 3577 1312 3646 X,

142 3603 287 3724 &legere
301 3659 359 3706 est:
386 3603 567 3718 ,blantheam
581 3653 643 3724 (sie)
656 3652 746 3707 Phoci
758 3653 903 3725 (stuprat),
916 3658 1042 3708 mutatus
1054 3652 1083 3706 in
1094 3667 1199 3717 ursum,
1211 3666 1246 3703 ex
1257 3663 1313 3718 qua

142 3722 272 3774 nascitur
288 3720 419 3774 Arctos.“
453 3721 530 3792 Ergo
549 3719 652 3776 lacuna
667 3720 708 3774 ita
731 3719 885 3791 explenda:
907 3723 936 3782 ἐξ
951 3713 982 3790 ἧς
1000 3720 1111 3792 Ἄρκτος
1128 3727 1261 3791 γίγνεται.
1278 3744 1313 3754 -

144 3787 271 3843 Verbum
284 3789 388 3856 ἀνέπτη
408 3788 433 3841 si
449 3807 466 3842 a
484 3787 621 3857 scriptore
639 3787 827 3842 Homiliarum
845 3787 1003 3857 profectum
1016 3795 1101 3851 esset,
1113 3787 1187 3840 hanc
1200 3791 1312 3839 senten·

143 3856 214 3910 tiam
226 3855 411 3910 haberemus:
431 3873 483 3925 „ex
496 3872 551 3925 qua
562 3854 684 3910 Perseus
697 3874 809 3910 sursum
826 3855 959 3910 volavit.“
995 3856 1082 3920 Quasi
1100 3871 1166 3908 vero
1182 3854 1303 3907 Perseus

144 3923 868 4048 111111113ὲῖ11ὶῗῗιάὲωἶῖἶὲῗῖἶῖὲῗῗὶῖθ
887 3890 1312 4043 ⁰ta⁰¹⁶0llrtt⁵tttttttl

144 4058 233 4113 etiam
249 4059 366 4138 propius
383 4059 495 4113 accedit
511 4058 549 4111 ad
566 4013 674 4112 dddicis
691 4056 713 4110 C
732 4057 785 4110 scri
808 4007 900 4110 tur'ard
915 4010 1022 4126 ἀνείάη.
1057 4057 1211 4109 Praeterea
1226 4051 1312 4106 facile

144 4125 232 4181 alicui
249 4144 279 4180 m
295 4131 418 4179 mentem
430 4126 536 4192 veniat,
554 4124 631 4179 inter
646 4126 727 4182 dvrtn
761 4076 807 4178 vdl
825 4123 931 4192 ἀνέπτη
948 4130 978 4178 et
995 4128 1148 4180 Καλλιστοῖ
1157 4120 1311 4175 excidisse:

145 4196 204 4252 tut
219 4214 260 4248 τι.
291 4193 329 4246 Et
340 4209 447 4260 revera,
459 4199 491 4247 ut
504 4207 578 4246 nunc
591 4193 684 4263 ipsum
695 4148 791 4257 video,
809 4190 1007 4272 Schweglerus
1025 4190 1161 4262 conjecit:
1173 4220 1208 4229 -
1217 4198 1312 4270 ,Περ-

146 4261 232 4324 στάς.
253 4267 308 4317 καὶ
331 4265 387 4316 ἐπὶ
409 4268 476 4316 cett.
513 4259 570 4314 Sed
592 4277 626 4315 ea
647 4261 813 4330 conjectura
830 4276 887 4313 non
902 4259 1016 4314 videtur
1032 4276 1111 4329 opus.
1125 4287 1148 4296 —
1175 4256 1271 4312 Etiam
1283 4274 1313 4310 m

144 4329 297 4400 postremis
314 4329 408 4384 verbis
425 4347 482 4384 non
499 4327 598 4383 dubito
616 4327 684 4398 quin
699 4327 811 4398 aliquid
826 4325 972 4382 turbatum
985 4327 1031 4380 sit.
1066 4325 1139 4381 Sunt
1150 4342 1184 4380 ea
1199 4325 1241 4378 sic
1253 4323 1312 4378 fere
