3126 4894
575 335 855 387 cenomannos.
1238 321 1299 385 115

121 502 183 540 cers
199 489 234 540 ct
252 483 381 555 singulis
397 482 498 538 diebus
516 483 624 554 augeri.
659 483 749 547 Quam
761 483 797 537 ob
811 499 926 538 causam
942 482 993 537 ille
1006 485 1103 538 statim
1115 482 1298 540 Aufidianum

119 552 284 625 praesidem
300 551 405 618 mittit,
427 549 477 621 qui
494 567 552 604 non
570 551 661 604 solum
677 569 734 604 non
757 550 876 604 ulterius
898 551 1032 621 progredi
1054 556 1161 606 sectam
1182 552 1298 618 sineret,

119 639 217 676 verum
235 625 267 674 et
284 620 342 673 iam
359 624 458 689 captos
473 619 639 684 reduceret,
655 624 844 688 avocaretque
857 635 874 672 a
885 619 1003 688 pietate.
1038 619 1095 674 Hic
1113 619 1210 690 itaque
1218 626 1299 700 post-

16 721 17 744 l
119 705 203 768 quam
228 686 404 742 Chersonem
424 686 505 740 venit
528 684 761 756 Christianosque
789 687 947 756 complures
970 687 1119 740 tormentis
1142 691 1240 741 multis
1264 706 1299 743 ac

119 757 205 810 vanis
220 755 339 822 affecit,
357 754 470 824 quando
489 771 586 808 omnes
599 754 743 824 proposito
757 760 786 808 et
799 753 959 810 intentione
973 761 1111 826 martyres
1124 753 1214 810 fuisse
1225 755 1300 809 vidit

120 829 294 895 paratosque
314 839 378 876 esse
396 821 433 876 ad
450 822 530 876 mille
547 828 667 888 mortes,
685 822 753 892 quid
770 820 862 876 facit?
888 821 1025 877 Abstinet
1037 823 1152 893 quidem
1165 843 1182 878 a
1193 824 1299 895 populo

120 893 238 958 veritus,
251 907 289 944 ne
303 891 389 944 etiam
400 907 435 943 ex
446 889 615 960 primoribus
625 889 729 942 multos
742 888 851 942 faceret
860 895 1012 962 martyres,
1026 892 1117 945 solum
1126 908 1193 946 vero
1202 898 1299 946 aucto-

120 977 177 1014 rem
197 958 346 1029 reprimit,
365 973 532 1027 omnemque
558 957 681 1011 furorem
706 956 836 1010 immittit
857 957 886 1011 in
906 957 1021 1013 beatum
1042 959 1116 1012 illud
1141 957 1298 1014 Clementis

122 1033 215 1098 caput.
240 1026 330 1080 Porro
342 1043 406 1080 cum
417 1023 485 1078 huic
498 1025 593 1079 omnia
606 1030 703 1079 essent
716 1025 791 1078 levia
804 1031 833 1079 et
845 1026 951 1080 nullius
963 1029 1109 1094 momenti,
1123 1027 1191 1097 quin
1202 1027 1298 1098 potius

122 1111 154 1149 ex
166 1095 220 1162 eis,
234 1111 309 1214 quae
322 1094 384 1163 ipse
396 1093 569 1162 patiebatur,
582 1093 685 1147 ceteris
697 1093 847 1163 praeberet
864 1093 998 1150 maiorem
1015 1093 1165 1162 fiduciam,
1181 1095 1298 1150 brevem

123 1163 148 1216 ei
160 1169 191 1216 et
204 1179 237 1216 ce
252 1179 330 1215 erem
343 1179 412 1214 exeo
435 1161 489 1213 itat
503 1161 660 1214 discessum
670 1177 685 1214 e
695 1161 764 1227 vita,
774 1166 859 1231 atque
870 1161 994 1217 adducto
1003 1170 1126 1234 martyre
1136 1163 1165 1216 in
1175 1163 1299 1216 medium

16 1271 17 1276 η
122 1247 196 1284 mare
209 1229 393 1298 anchoraque
419 1246 497 1282 errca
510 1228 546 1282 ad
559 1229 664 1282 collum
677 1229 738 1282 eius
753 1229 877 1300 religata
889 1230 919 1283 in
927 1231 1097 1300 profundum
1108 1231 1234 1284 demittit
1244 1231 1298 1296 Ne,

124 1299 226 1368 inquit,
240 1297 323 1350 illius
335 1297 383 1350 vel
394 1297 533 1366 reliquiae
545 1303 711 1350 remaneant
724 1295 903 1351 Christianis.

190 1364 343 1418 CLXXII.
361 1363 456 1433 Atque
470 1365 520 1418 ille
534 1363 648 1433 quidem
661 1365 691 1417 in
700 1365 765 1434 pela
787 1383 832 1418 um
843 1365 987 1436 proiectus
1001 1369 1060 1432 est3
1075 1364 1299 1419 Christianorum

124 1439 218 1487 autem
231 1432 387 1486 multitudo
400 1433 430 1485 in
444 1432 540 1485 littore
551 1439 630 1486 stans
644 1383 860 1499 lamentahatur,
873 1433 975 1506 misere
988 1431 1115 1487 eiulabat
1125 1439 1154 1488 et
1163 1432 1298 1487 miseran·

124 1502 166 1554 dis
178 1501 335 1554 admodum
346 1499 464 1554 vocibus
476 1500 651 1554 inclamabat
664 1500 862 1571 patriarcham.
882 1499 1030 1554 Cornelius
1043 1517 1109 1554 vero
1123 1507 1153 1555 et
1165 1499 1298 1554 Phoebus

125 1569 259 1638 discipuli
278 1568 378 1638 quales
396 1583 482 1620 voces
500 1567 530 1620 id
542 1567 618 1637 quod
636 1567 832 1638 perferebatur·
843 1568 1010 1638 postulabat
1023 1573 1053 1622 et
1065 1567 1121 1638 ipsi
1133 1585 1184 1640 per
1196 1568 1299 1623 elamo-

121 1654 178 1690 rem
197 1637 350 1701 emittunt,
368 1653 421 1689 nec
434 1634 558 1700 habent,
572 1651 655 1704 quam
667 1635 825 1704 infortunio
841 1634 962 1690 afferant
975 1635 1200 1690 consolationem
1212 1642 1242 1690 at
1262 1651 1297 1690 ue

124 1704 218 1759 aiunt:
239 1702 360 1757 Oremus
373 1704 470 1756 cuncti
483 1721 538 1756 uno
551 1704 654 1769 animo,
666 1709 699 1756 ut
711 1703 794 1757 nobis
809 1703 977 1758 ostendatur
985 1704 1117 1775 martyris
1131 1721 1240 1784 eorpus.
1287 1708 1299 1756 t

123 1789 185 1826 cnm
204 1776 334 1837 orarent,
352 1788 368 1824 o
385 1789 490 1841 magna
507 1776 557 1824 tua
568 1771 705 1826 miracula
718 1771 851 1839 Domine,
864 1771 905 1824 ibi
917 1771 998 1825 Deus
1010 1772 1121 1842 aliquid
1133 1789 1238 1827 maiore
1250 1771 1299 1826 ad·

16 1839 18 1856 '
123 1841 275 1894 miratione
294 1839 412 1909 dignum
430 1839 503 1904 edit,
544 1855 608 1892 uam
627 1839 703 1908 quod
720 1838 824 1893 Moses.
859 1840 973 1894 Etenim
991 1857 1067 1894 mare
1079 1843 1178 1911 procul
1188 1839 1299 1894 recedit

123 1908 225 1978 viginti
240 1907 302 1960 fere
316 1907 418 1960 stadia.
454 1855 604 1960 Accidens
617 1912 712 1960 autem
724 1907 807 1976 plebs
820 1925 870 1977 per
883 1907 989 1962 siccum
1003 1908 1107 1974 solum,
1120 1908 1242 1988 hoclqno
1263 1924 1298 1960 nc

123 1975 263 2030 mirabilis
276 1981 343 2028 tuae
356 1974 517 2044 potentiae,
531 1971 659 2040 Christe,
677 1974 788 2028 invenit
800 1975 925 2044 lapidem
938 1976 968 2028 in
979 1974 1071 2029 forma
1083 1976 1184 2044 templr
1196 1925 1297 2029 meisa-

123 2044 174 2098 bili
187 2050 241 2096 tua
255 2041 400 2110 sapientia
412 2041 557 2107 effectum,
571 2047 600 2096 et
611 2043 744 2112 martyris
755 2059 855 2112 corpus
868 2041 1021 2114 magnifiee
1030 2043 1060 2096 in
1070 2060 1103 2097 eo
1116 2044 1223 2110 iacens,
1234 2059 1298 2115 gra·

124 2129 184 2166 vem
207 2127 244 2165 ue
259 2111 340 2163 illam
354 2109 507 2164 anchoram
518 2109 646 2179 proxime
661 2127 758 2163 saxum
772 2117 801 2164 et
813 2111 904 2180 ipsam
917 2111 1048 2180 positam.

215 2177 356 2236 LXXIII.
393 2176 450 2231 Sed
463 2176 594 2231 Cornelio
608 2183 636 2230 et
647 2177 763 2232 Phoebo
776 2179 934 2232 revelatum
947 2184 1001 2244 est,
1019 2197 1055 2234 ne
1070 2179 1151 2233 illinc
1163 2178 1298 2233 transfer·

122 2253 185 2300 rent
199 2264 314 2316 eorpuS,
328 2245 404 2315 quod
413 2245 557 2315 praeclare
571 2244 657 2298 situm
667 2253 729 2300 erat
741 2245 771 2298 in
780 2245 920 2315 profundo
932 2264 966 2300 ac
978 2245 1047 2314 fore,
1060 2255 1092 2300 ut
1104 2264 1156 2317 per
1168 2247 1298 2318 singulos

123 2331 263 2369 annorum
281 2313 418 2367 circuitus
437 2318 578 2383 tempore,
598 2329 653 2382 quo
676 2319 785 2382 martyr
805 2319 896 2367 morte
917 2321 1127 2368 consummatus
1145 2321 1203 2379 cst,
1222 2329 1299 2368 marc

123 2381 291 2436 adventuris
309 2381 424 2434 cederet
436 2397 487 2450 per
504 2385 614 2448 septem
627 2381 755 2451 integros
769 2381 844 2446 dics,
860 2381 1097 2500 permitteretque
1115 2381 1173 2434 illis
1190 2381 1299 2434 aditum

123 2447 858 2592 dddhiduirddfildiiiri,giraciidtldirhuiealirtoopiiiilesiiniidiiri
876 2515 1027 2568 terminum
1047 2533 1080 2568 ae
1098 2514 1299 2586 praestitutum

124 2592 237 2654 tempus
251 2584 405 2638 adventum
418 2583 693 2636 commemorationis
706 2587 847 2652 martyrrs.
876 2581 952 2636 Hine
964 2582 1055 2635 omnis
1073 2582 1149 2652 apud
1163 2599 1211 2635 eos
1223 2580 1300 2660 Ilae-

124 2653 196 2706 rasis
215 2658 246 2706 et
265 2651 379 2704 Graeca
394 2650 499 2722 religio
517 2667 617 2704 eversa
635 2657 694 2716 est,
713 2668 777 2704 curn
795 2650 878 2720 signa
895 2656 924 2703 et
944 2649 1096 2716 miracula,
1116 2666 1188 2720 quae
1208 2649 1249 2702 ibr
1269 2666 1299 2701 rn

124 2720 261 2775 memoria
273 2718 404 2789 martyris
417 2719 548 2784 eduntur,
562 2725 680 2772 cunctos
693 2718 731 2772 ad
744 2719 936 2789 cognitionem
948 2717 1109 2784 adducant,
1122 2723 1152 2770 et
1165 2716 1249 2786 plane
1262 2715 1300 2770 ad

124 2789 278 2842 veritatem
299 2783 455 2856 impellant.
490 2785 606 2840 Nemini
624 2785 699 2838 enim
719 2785 846 2852 illorum,
871 2787 920 2856 qui
938 2785 1093 2840 insanabili
1110 2786 1205 2855 aliquo
1223 2784 1298 2840 malo

124 2860 329 2926 premerentur,
341 2854 399 2907 alia
411 2870 441 2906 rc
455 2870 538 2923 quam
551 2871 641 2922 aquae
656 2853 735 2906 illius
744 2853 928 2925 perceptione
942 2859 971 2907 et
984 2853 1147 2924 aspersione
1161 2871 1231 2924 opus
1244 2853 1300 2910 fuit

127 2923 164 2977 ad
175 2922 270 2976 morbi
282 2939 346 2975 eum
359 2938 430 2976 occu
451 2923 527 2975 antis
541 2921 746 2990 depulsionem.

193 2989 354 3044 CLXXIV.
390 2940 449 3042 sed
470 2988 541 3042 haec
563 2988 677 3058 quidem
698 2990 770 3043 talia
793 2995 859 3044 sunt
878 2996 908 3043 et
925 2989 967 3044 ita
988 2989 1111 3057 habent,
1139 2989 1212 3044 illud
1233 3007 1299 3045 vero

125 3059 212 3130 longe
236 3057 327 3111 maius
347 3055 548 3126 sufficiensque
567 3057 604 3109 ad
622 3055 816 3112 confirmanda
836 3058 1045 3128 praecedentia.
1080 3058 1248 3125 Nemeum,
1267 3064 1300 3112 ut

127 3126 257 3196 superior
274 3123 363 3203 oratio
386 3124 555 3191 declaravit,
578 3125 608 3176 in
629 3125 750 3204 pelagus
767 3131 874 3195 martyr
891 3125 1033 3204 immissus
1051 3132 1095 3179 est
1112 3133 1145 3205 ‘et
1167 3127 1197 3180 in
1221 3127 1300 3180 sinus

125 3197 434 3315 etimithi
449 3191 767 3328 titillanti?
778 3193 1300 3327 alitiliatentamenti

895 2448 1042 2501 annuatim
1056 2449 1092 2502 ab
1108 2449 1159 2500 illo
1171 2453 1298 2516 tempore

177 3453 239 3517 Cap.
257 3451 371 3500 CLXXI.
406 3447 429 3512 1)
446 3451 490 3500 καὶ
502 3450 571 3500 deest
582 3449 610 3500 in
619 3452 648 3500 B.
661 3476 695 3485 -
737 3447 859 3498 Novemb.
873 3445 903 3498 ἐν
916 3442 947 3518 τῇ
962 3445 1012 3497 τοῦ
1023 3441 1104 3512 ἁγίου
1115 3439 1219 3515 μνήμῃ.
1233 3447 1299 3495 Male

128 3517 144 3568 2
179 3519 332 3585 irrrcycysiv
350 3521 378 3566 B.
401 3545 437 3554 -
459 3513 486 3584 3)
507 3513 591 3576 αὐτὸς
610 3519 640 3568 D.
661 3544 694 3552 -
738 3533 797 3598 erpo
810 3515 875 3582 apud
887 3515 1057 3581 Nicephorum
1074 3513 1121 3574 III,
1135 3509 1168 3562 18
1182 3513 1231 3562 ista
1246 3531 1299 3564 πα-

128 3583 145 3636 4
167 3589 210 3637 Ex
218 3589 372 3646 pm'moribue
385 3587 424 3635 vel
437 3602 492 3634 cum
502 3586 694 3645 Perionio,tcn·
739 3582 904 3654 ραὸοξονὸέ
920 3600 946 3632 τι
963 3581 1012 3646 τῆς
1026 3577 1138 3650 μνήμης
1154 3581 1300 3652 ἐνισταμέ-

127 3659 188 3704 dem.
216 3657 267 3702 Cot.
291 3681 325 3688 -
353 3648 381 3720 5)
402 3653 442 3702 Ita
463 3654 540 3715 BCD‚
566 3655 696 3709 πλείονας
739 3671 787 3718 νης
798 3649 874 3718 αὐτῷ
887 3650 1038 3718 ἐπιγίνεται
1053 3656 1182 3699 verterunt
1194 3650 1242 3700 sic:
1263 3653 1301 3700 De

128 3723 194 3784 vulg.
205 3747 240 3756 -
249 3717 277 3786 li)
292 3720 329 3770 roi
343 3717 466 3789 τραχὴλω
479 3737 555 3786 supra
565 3739 605 3771 v..
614 3758 619 3770 .
628 3760 632 3770 .
642 3721 694 3771 cD.
739 3739 784 3785 quo
802 3737 879 3781 supra
898 3723 1034 3780 opinionem
1050 3723 1191 3779 praesentia
1213 3735 1300 3768 inemo·

179 3791 216 3839 Ca
236 3827 241 3838 .
265 3789 393 3838 CLXXII.
440 3784 467 3855 l)
492 3789 610 3856 ἕνριπτο
635 3785 695 3856 (sic)
739 3795 792 3838 m'ac
808 3791 923 3850 quiddam
942 3790 1039 3836 accidit.
1068 3787 1138 3849 Lego
1154 3801 1199 3849 ego
1215 3781 1302 3837 αὐτοῦ

128 3805 243 3922 0,-8)
259 3856 315 3908 τῶν
326 3873 375 3904 onr.
388 3859 417 3906 B.
436 3883 470 3892 -
487 3851 514 3923 3)
527 3863 584 3909 θαυ
598 3860 696 3908 ιασίων
740 3863 765 3906 et
787 3855 898 3922 explico:
932 3859 1024 3905 Editur
1049 3862 1129 3904 cutem
1148 3857 1300 3913 miraculum,

128 3925 159 3975 al.
171 3942 212 3991 ap.
227 3925 281 3974 Cot.
298 3951 331 3960 -
347 3919 375 3990 4)
389 3919 457 3982 θεὸς
475 3940 522 3973 om.
540 3876 605 3973 BCi)
621 3929 646 3972 et
663 3923 695 3974 al.
740 3929 830 3986 quoiam
848 3926 962 3971 adventat
977 3926 1028 3971 ds'es
1044 3939 1089 3984 quo
1108 3925 1176 3970 illiue
1187 3924 1302 3970 memoria

130 4008 168 4059 ap.
182 3995 237 4042 Cot.
251 3991 302 4040 Cir.
315 3991 379 4040 Eod.
393 3990 433 4041 14.
454 4019 484 4027 -
506 3986 534 4058 5)
547 3993 654 4042 εἴκοσιν
665 3992 696 4038 D.
741 3995 882 4040 celebratur.
898 4017 927 4024 -
939 3989 966 4045 ⁴2)
980 3983 1043 4057 παρ’
1057 3985 1151 4044 αὐτοῖς
1163 4004 1210 4035 orn.
1223 3989 1254 4034 D.
1266 4011 1301 4022 -

181 4061 242 4125 Cap.
266 4060 407 4108 CLXXIII.
450 4056 473 4124 1)
498 4059 527 4110 ἐν
550 4059 581 4122 τι)
607 4054 696 4127 ἡμέρᾳ
739 4056 767 4125 3)
781 4057 938 4108 ἒπιλίλυται
952 4057 1026 4106 0.-
1043 4050 1071 4122 4)
1086 4055 1141 4105 τῶν
1155 4054 1259 4102 accessit
1272 4069 1301 4103 ex

130 4121 333 4191 incriminatur
350 4123 438 4178 αὐτοῦ
457 4133 495 4177 est
516 4127 543 4176 in
561 4112 696 4176 Clementis
740 4127 805 4176 BCD
819 4131 844 4175 et
859 4125 891 4174 al.
908 4141 947 4189 ap.
965 4125 1018 4174 Cot.
1040 4149 1074 4158 —
1093 4117 1121 4188 ὁ)
1139 4121 1301 4190 ἐκπιεζομέ-

129 4201 230 4260 martyr.
247 4210 268 4244 c.
280 4189 322 4255 25,
335 4203 434 4244 nostrae
446 4195 516 4261 Epit.
531 4210 551 4244 c.
568 4189 623 4243 185.
645 4193 696 4242 Ad·
741 4209 798 4244 νων
810 4194 841 4242 D.
1174 4250 1180 4266 t

131 4269 202 4313 notat
220 4262 372 4312 Cotelcrius:
391 4265 454 4312 Acta
471 4269 496 4311 et
510 4262 642 4310 Freculfus
660 4263 698 4308 dic
793 4260 852 4324 Cap.
870 4257 1011 4307 CLXXIV.
1048 4249 1074 4322 l)
1098 4257 1142 4308 καὶ
1163 4273 1198 4312 ως
1218 4255 1248 4308 D.
1270 4281 1302 4322 3-

129 4333 255 4390 passionis
272 4333 331 4378 eice.
367 4330 489 4393 Gregorio
501 4329 653 4380 Turonensi:
671 4331 698 4374 in
741 4323 767 4390 2)
780 4319 898 4392 μοιχοὺς
915 4339 962 4372 sor.
980 4324 1010 4374 D.
1028 4350 1063 4360 —
1080 4321 1107 4384 3)
1123 4326 1168 4375 καὶ
1179 4323 1262 4390 recepi
1274 4339 1304 4372 ex

133 4401 171 4445 die
203 4401 360 4446 crematam
389 4401 449 4448 eiua
489 4397 580 4447 Graeci
612 4397 644 4445 cd
665 4390 700 4444 24
743 4395 816 4445 0.-
831 4391 860 4459 4)
871 4389 951 4458 dodoi
963 4391 990 4441 C.
1012 4417 1047 4429 -
1063 4389 1090 4456 5)
1109 4393 1209 4443 πολλοὶ
1225 4395 1264 4449 εἰς
1279 4408 1302 4458 p.

1127 4476 1156 4518 8!
