3126 4894
250 319 313 388 228
726 334 954 387 οιειιυιιιιιιι

239 485 438 590 ἀνθρώπους,
458 485 537 558 ὅπως
551 489 607 550 τῶν
615 485 661 590 μή
681 487 865 550 πιστευόντων
880 487 928 550 τόν
943 487 1083 592 Χριστόν
1082 487 1152 550 εἶναι
1165 487 1236 552 θεὸν
1250 485 1429 569 κυριεόσωσιν

253 574 352 652 πέτραι
373 597 418 634 και
410 568 515 634 λίθοι
535 567 623 654 κωφοί
643 566 690 633 καί
712 569 869 645 ἀλαλοι,
845 595 940 669 ωσπερ
958 571 1048 652 κάμοί)
1067 570 1258 674 ἐπεκράτησαν
1276 574 1354 653 μέχρι
1375 577 1428 655 τῆς

255 661 343 738 δεῦρο.
357 658 449 720 ταῦτα
463 650 511 718 καί
521 681 559 718 τα
545 653 753 760 παραπλήσια
764 651 871 726 τοότοις
881 681 932 719 του
919 655 1119 720 Σισιννίου
1092 655 1217 728 ειπόντος
1231 656 1308 761 χαρὰ
1321 657 1429 763 μεγάλη

254 742 370 847 χιᾛχονεν
386 741 543 804 ἐπίστευσεν
558 740 611 822 γὰρ
625 739 675 803 σὺν
690 737 768 818 πάση
783 742 816 818 τῇ
832 740 906 821 οιιιίᾳ
922 739 1018 844 αότφῦ,
1034 765 1080 802 και
1073 735 1305 847 ἐπιδεδωκὼς
1278 766 1311 803 το
1326 743 1428 804 οικεῖον

254 825 343 922 ὄνομα
357 825 588 928 προσεφχιλναντος
602 827 651 886 τοῦ
665 821 765 902 πάσχα
780 803 986 929 ἐβαπτιάθχ’
952 823 1038 894 αυτὸς
1048 819 1095 886 καὶ
1109 819 1214 895 πάντες
1224 825 1252 886 οἱ
1264 827 1293 888 ἐν
1303 827 1343 903 τῷ
1358 821 1428 904 οίκῳ

252 909 348 1013 αὐτοῦ.
368 907 580 1010 ἠριθμήθησαν
594 905 623 970 66
645 907 671 970 06
692 908 898 1012 βαπτισθέντες
920 905 1018 1011 ἀνδρες
1041 903 1140 970 τεκαὶ
1163 917 1287 1010 μιναῖκες
1301 909 1351 971 σὺν
1365 920 1428 982 τοῖς

251 993 357 1090 νηπίοις
367 990 537 1092 τετρακόσιοι
552 988 637 1054 είκοσι
651 1001 723 1071 τρεῖς
729 991 798 1054 διά
809 995 907 1054 τοῦτον
918 988 990 1053 66
962 1015 1010 1054 τον
1022 991 1159 1055 Σισίννιον
1170 987 1320 1054 πολλοὶ
1281 1018 1336 1056 των
1351 1018 1426 1100 περι-

251 1079 373 1182 φανῶν
371 1100 417 1137 και
408 1070 527 1156 φιλων
550 1073 668 1155 Νίρυνα
693 1079 743 1137 τοῦ
767 1075 941 1157 βασιλέως’
926 1075 1090 1138 επιστευσαν
1115 1071 1182 1138 καί
1189 1075 1260 1154 πρὸς
1281 1074 1330 1139 τὸν
1351 1078 1426 1141 θεὸν

252 1157 491 1304 ἠπζλλιφὶηῖὶλλί
536 1241 643 1304 ΚατΗ
628 1243 730 1306 εκείνον
749 1239 779 1304 66
800 1245 897 1320 καιροῦ
917 1240 933 1305 6
953 1241 1038 1324 κόμης
1056 1246 1112 1307 τῶν
1130 1243 1267 1325 ὀφφικίων
1282 1243 1426 1349 Πρόβλνος

255 1325 521 1408 Τορκουτιανὸς1
507 1326 637 1403 ιωρακάνς
669 1325 866 1434 ἀναρίθμητον
889 1327 1002 1430 πληθὺν
1027 1331 1076 1430 τῷ
1090 1333 1208 1434 X966666
1232 1327 1425 1392 πιστεύσασαν

251 1411 477 1491 προσεκαλέσατο
500 1411 564 1482 τοὺς
591 1409 754 1490 προστάτας
776 1414 832 1473 τῶν
841 1410 1005 1510 ῥεχεώνων,
1029 1407 1076 1474 καί
1101 1411 1238 1516 6666664
1248 1413 1344 1484 αὐτοῖς
1361 1413 1425 1494 χρή

250 1521 328 1576 ματα
345 1495 450 1558 ἔπεισεν
466 1494 576 1568 αὐτοὺς,
592 1492 638 1556 ίνα
651 1493 775 1574 τάραχον
791 1493 934 1575 κινήσωσιν
949 1497 988 1574 τιή
1003 1500 1175 1576 χριστιανικῴ
1190 1494 1314 1576 όνόματι.

336 1577 508 1638 CLXXVI.
552 1582 731 1684 Διφαοίιντος
748 1579 838 1642 τοίνυν
859 1579 1040 1686 Μαμερτίνων
1063 1583 1112 1684 606
1135 1579 1257 1679 ἐπάρχων
1276 1581 1324 1644 τὸν
1346 1588 1424 1646 πολι-

250 1663 325 1727 τικὸν
337 1662 442 1768 θρόνον
453 1660 552 1733 στάσις
567 1664 673 1744 χίχονεν
683 1666 733 1725 τοῦ
745 1661 890 1742 Ρωμαίων
903 1661 1015 1744 ὅήμου’
999 1688 1035 1730 επ
1057 1661 1175 1743 ὀνόματι
1187 1689 1237 1727 τον
1226 1665 1424 1772 ’Κλήμεντος

251 1743 297 1809 καί
312 1747 383 1826 πρὸς
398 1743 533 1848 ἀλλήλους
545 1747 730 1827 συγχυθέντος
745 1746 829 1818 αλλος
844 1746 913 1810 ἀλλο
928 1746 988 1810 κατ’
1003 1749 1089 1851 αβτου
1077 1749 1200 1852 ἔλεγον,
1215 1746 1286 1820 τινὲς
1300 1748 1361 1812 66²
1345 1751 1424 1812 αντί-

249 1835 342 1940 λεχον
364 1830 395 1893 τί
411 1826 480 1932 χάρ
485 1829 570 1893 κακὸν
586 1829 752 1910 ἔπραξεν,’“
737 1857 754 1909 η
773 1830 804 1894 τί
818 1834 874 1894 τών
890 1831 1029 1895 καλών’
997 1857 1029 1894 ου
1048 1831 1294 1912 κατώρθωσεν,·“
1276 1859 1352 1906 οστις
1366 1836 1424 1940 γὰρ

251 1915 396 2017 ἄρρωστος
414 1911 480 1992 παρ’
498 1912 584 1976 αὐτοῦ
603 1914 777 2018 ε’πεσκεφθη,
798 1913 899 1985 ιάσεως
919 1915 1024 1996 ἔτυχεν
1045 1914 1122 1988 ὅστις
1136 1917 1208 1995 πρὸς
1222 1916 1309 1981 αὐτόν
1322 1919 1423 1982 λοποό

248 2023 330 2080 μενος
345 1997 486 2099 ἀπῆλθεν,
501 1997 605 2103 χαίρων
620 1997 804 2078 ἀνεχώρησα
824 1997 923 2061 οὐδένα
942 2024 1011 2062 ποτε
1003 1997 1166 2083 ἔβλαψεν,
1181 2000 1292 2074 πάντας
1307 2001 1372 2066 66’
1350 2003 1423 2084 ωφό

250 2090 339 2163 λησεν.
360 2080 443 2144 ἀλλον
455 2077 485 2143 66
506 2082 641 2162 πνεύματι
647 2086 804 2187 θιαβολικῷ
819 2084 1003 2154 ε’κκαυθέντες
1017 2085 1144 2190 ἔκραζον
1160 2096 1299 2190 χοητικαΐς
1311 2089 1424 2168 τέχναις

250 2169 341 2229 ταῦτα
363 2167 525 2229 παιόντων
544 2170 621 2228 θεῶν
641 2163 717 2271 ήμῶν
736 2165 785 2247 τήν
804 2167 1122 2269 λατρειανάνατρεότει·
1147 2169 1195 2233 τόν
1214 2171 1272 2233 Δια
1293 2173 1417 2254 λέχει
1382 2200 1423 2255 μη

249 2252 319 2314 εἶναι
330 2249 411 2324 θεὸν,
425 2247 569 2330 Ηρακλέα
583 2247 649 2313 66
622 2276 671 2315 τον
682 2247 812 2331 ήμίτιρον
823 2248 945 2352 φύλακα,
950 2251 1131 2355 ἀκάθαρτον
1142 2253 1212 2316 εἶναι
1217 2254 1290 2358 λε’χει
1299 2259 1422 2360 πνεῦμα·

247 2334 454 2440 Ἀφροδίτην
426 2360 475 2416 την
493 2331 588 2410 ὁσίαν,
604 2334 707 2416 πόρνην
721 2335 858 2416 χεχονίναι
871 2332 1051 2398 ὑποτίθεται·
1071 2333 1184 2400 Ἑστίαν
1196 2333 1268 2400 66
1239 2363 1288 2420 την
1298 2340 1424 2444 μεγάλην

248 2419 324 2484 θεάν
351 2413 416 2497 πυρί
439 2423 665 2483 καταναλωῖσθαι
688 2423 851 2520 βλασφημεῖ.
873 2417 1009 2491 ὡσαύτως
1030 2417 1060 2483 66
1085 2417 1133 2483 καὶ
1158 2421 1207 2522 τήν
1218 2422 1423 2530 εόαηεστάτην

247 2504 388 2585 Ἀθηνᾶν,
398 2502 531 2584 Αρτεμίν
551 2527 582 2566 τε
600 2529 648 2566 και
639 2499 771 2584 Ἑρμῆν,
792 2501 872 2582 οἶμα1
892 2527 923 2566 τε
937 2503 985 2567 τὸν
1000 2504 1120 2608 Κρόνον,
1136 2501 1184 2568 καὶ
1198 2505 1247 2568 τὸν
1256 2505 1349 2586 Αρεα
1364 2515 1423 2572 δια·

248 2586 351 2692 βάλλει.
366 2585 462 2649 πάντα
477 2612 507 2650 τε
521 2587 558 2652 τὰ
554 2586 712 2691 ὀνόματα
712 2591 768 2690 τήν
778 2584 914 2667 ήμετίρων
926 2591 1004 2652 θεῶν
1019 2585 1066 2651 καί
1076 2589 1142 2662 τοὺς
1151 2591 1236 2662 ναοὺς
1246 2593 1420 2674 καθυβρίζει.

250 2699 267 2753 η
259 2667 364 2734 θήσει
378 2680 437 2741 τοῖς
452 2679 533 2742 θεοῖς
547 2669 632 2776 ήμῶν,
647 2669 664 2752 6
679 2671 764 2743 αότός
778 2672 965 2774 ἐξαλειφθείη.

333 2753 523 2814 CLXXVII.
569 2753 644 2818 Τότε
662 2753 865 2836 Μαμερτῖνος
852 2781 868 2818 ο
884 2759 947 2880 664
953 2754 1093 2828 πόλεως
1077 2782 1198 2861 επαρχος
1211 2757 1249 2840 μή
1264 2760 1355 2841 φόρων
1368 2760 1423 2842 τήν

248 2837 347 2902 στάσιν
372 2842 421 2901 τοῦ
439 2837 549 2943 βήμουῙ
575 2840 711 2901 ἐκελευσεν
733 2839 805 2918 πρὸς
829 2840 947 2902 ἑαυτὸν2
976 2841 1104 2922 ἀχθῆναι
1130 2841 1179 2905 τὸν
1203 2867 1422 2922 μακαριωτατον

248 2920 451 3002 Κλήμεντα,’
435 2947 519 3022 ονπερ
531 2921 719 3023 θεασάμενος
732 2921 838 3003 ήρξατο
852 2926 948 3006 λε’χειν
968 2925 1042 2998 ἐξ’
1016 2929 1146 3030 ευχενοῦς
1153 2923 1203 3006 μὲν
1218 2927 1301 3028 ῥίζης
1306 2927 1421 3035 προελή

247 3003 381 3078 λυθας,’
363 3028 433 3084 οπερ
447 3003 510 3086 ήμιν
525 3003 540 3084 6
556 3007 611 3068 τῶν
624 3003 770 3086 Ρωμαίων
783 3008 898 3088 πληθὺς
915 3019 1058 3088 μαρτυρεῖ
1078 3009 1152 3073 ἀλλά
1166 3008 1301 3115 πλάνην
1288 3014 1420 3111 νπίστης,

247 3113 295 3150 και
286 3083 356 3193 666
371 3093 453 3152 τοῦτο
467 3089 499 3151 66
516 3090 644 3171 φέρουσιν
658 3092 781 3164 σιωπᾶν,
800 3091 892 3173 ἐπειδὴ
911 3093 961 3155 οὐκ
978 3093 1092 3154 ολθα
1061 3117 1125 3156 τινα
1144 3093 1270 3174 Χριστὸν
1288 3098 1354 3178 σε’βη
1369 3093 1421 3160 καὶ

248 3173 360 3236 ι’ναντία
374 3176 431 3234 τῶν
445 3175 523 3235 θεῶν
538 3173 669 3254 ἀποδέχῃ.
685 3173 726 3236 666
742 3173 913 3238 ἀποθέσθω
927 3201 958 3239 σε
974 3183 1018 3238 δεῖ
1027 3181 1126 3280 πάσαν
1119 3177 1185 3279 τήν
1198 3181 1326 3260 περιττήν
1341 3187 1421 3244 δεισι-

248 3257 401 3364 666066'66,
416 3252 536 3328 καὶτοῖς
550 3257 610 3332 ἐξ
594 3269 681 3328 εθους
695 3255 759 3340 ήμῖν
774 3269 855 3330 θεοῖς
868 3259 1015 3340 λατρεύειν.
1036 3286 1099 3324 τοτε
1113 3289 1129 3326 ο
1147 3262 1284 3343 μακάριος
1298 3263 1420 3346 Κλήμης

248 3342 313 3444 ἔφη·
327 3341 450 3448 ηὐχόμην
460 3341 509 3422 τήν
523 3344 574 3422 τῆς
588 3345 640 3422 σής
654 3340 791 3424 ὑπεροχῆς
802 3341 934 3448 φρόνησιν
949 3369 1127 3452 προσανεχειν
1147 3371 1200 3452 μου
1215 3372 1250 3426 τη
1239 3347 1419 3451 ἀπολογίᾳ,

247 3422 294 3488 καί
307 3426 345 3507 μή
359 3424 450 3532 666
420 3452 489 3533 τήν
484 3425 602 3490 στάσιν3
619 3430 675 3490 τοῖν
690 3427 879 3529 ἀπαιδεήτων,
900 3428 972 3491 ἀλλά
988 3429 1075 3492 διὰ
1048 3453 1096 3492 τον
1111 3430 1176 3534 ἐμόν
1190 3429 1271 3512 λόχον
1286 3430 1420 3513 γράψασ-

247 3512 306 3572 θαί
321 3535 363 3614 με.
385 3506 442 3574 ἐπεὶ
462 3509 512 3574 ε’ἀν
534 3510 610 3614 κήνες
623 3509 698 3591 ήμάς
712 3508 808 3575 πολλοὶ
822 3511 1034 3592 περιυλάξωσιν,
1051 3511 1089 3617 μή
1109 3513 1240 3618 θήνανται
1256 3514 1421 3598 ἀφελέσθαι

246 3589 293 3656 καί
308 3618 340 3655 το
328 3592 451 3658 εἶναι’
438 3598 513 3696 ημᾶς
525 3593 574 3674 μὲν
589 3596 711 3699 λρήικοὺς
726 3595 937 3676 ἀνθρώπους,’
921 3598 1038 3669 εκείνονς
1059 3595 1138 3660 66'
1107 3625 1192 3670 κννας
1206 3603 1420 3663 καθυλακτοῦν-

246 3690 309 3747 τας’
325 3673 372 3739 καὶ
387 3677 440 3758 γάρ
445 3675 471 3779 ή
487 3679 585 3750 στάσις
599 3675 643 3742 ἀεὶ
658 3679 737 3786 παρὰ
750 3679 925 3746 ἀπαιδεύτων
936 3683 1121 3779 προερχομένη
1136 3682 1368 3758 διαδειλινυταε,“
1342 3709 1420 3749 ωστε

207 3830 211 3837 ,
244 3757 330 3866 μηδὲν
343 3756 504 3866 ἀσφαλὲς”
489 3788 570 3862 εχειν,
589 3761 656 3844 μήτε
673 3764 727 3866 μήν
744 3763 859 3846 ἀληθες.
879 3763 952 3828 ὅθεν
970 3769 1046 3847 σιχής
1059 3768 1201 3868 ζητείσθω
1216 3767 1371 3850 πρόφασις,
1387 3771 1419 3834 ἐν

245 3838 263 3924 ᾖ
279 3841 348 3924 ὑπὲρ
362 3848 411 3946 τής
425 3845 524 3910 ἑαυτοῦ
539 3848 708 3928 σωτηρίαςο
727 3849 834 3930 λογικὸς
849 3849 1006 3930 ἄνθρωπος
1020 3845 1087 3912 καίι
1109 3852 1179 3914 καθ’
1194 3852 1294 3916 ἑαυτὸν
1308 3852 1419 3935 βουλεό

245 3938 333 3992 εσθαι
346 3955 392 3992 και
408 3931 587 4012 διαλέγεσθαι
602 3931 815 4013 ἀπάρίξηται,ὁ
800 3947 846 3997 ινα
860 3934 908 3998 τὸν
923 3935 1019 4016 ἀληθῆ
1033 3935 1105 3998 θεὸν
1121 3933 1201 4017 εὕροι,
1217 3931 1240 4014 6
1254 3935 1303 4018 τήν
1314 3937 1420 4002 ἑαυτοῦ

163 4083 168 4094 ,
243 4014 335 4076 πίστα
349 4019 548 4096 σεμνοπρεπιός
562 4014 702 4118 παράθοι.

329 4097 533 4158 CLXXVIII.
582 4097 656 4161 Τότε
677 4099 886 4180 Μαμερτῖνος
874 4128 890 4166 ο
911 4103 1033 4209 ἔπαρχος
1042 4103 1280 4175 1ἀποστειλας’
1263 4103 1417 4184 αναφοράν

248 4184 383 4258 Τραϊανῷ
397 4187 437 4260 τιή
453 4181 636 4292 αὐτοκράτορι
642 4181 785 4289 ἀνήχαχεν
799 4181 861 4264 περὶ
877 4191 926 4250 τοῦ
944 4187 1083 4291 ὀνόματος
1096 4213 1146 4250 τον
1134 4189 1322 4268 ’μακαρίον2
1338 4189 1416 4272 Κλή-

243 4287 340 4342 μεντος
348 4263 485 4365 φάσκων
506 4271 604 4329 τοῦτον
621 4267 670 4330 τόν
685 4269 836 4349 Κλήμεντα
858 4269 1024 4377 στασιώδεσι
1043 4282 1176 4354 κραυγαῖς
1191 4269 1308 4374 ζητῶν
1294 4297 1311 4333 ο
1327 4275 1418 4377 δῆμος

244 4344 277 4404 οὐ
298 4344 429 4420 παύεται,
451 4374 498 4410 και
490 4345 680 4422 ἀξιόπιστος
701 4351 890 4424 ἀπόδειξις
862 4378 901 4424 εις
926 4356 963 4418 τὰ
993 4357 1052 4420 κατ’
1078 4356 1184 4420 αὐτοῦ3
1206 4353 1358 4437 εὑρεθῆναι
1380 4358 1417 4422 06
