3126 4894
255 283 315 348 168
720 292 947 344 CLEMENTINA

254 453 388 558 καίσαρος
405 449 476 532 πρὸς
494 449 603 531 γε’νους9
621 446 708 518 ὄντες.
729 443 801 508 ὅθεν
818 447 859 524 τῷ
880 445 936 524 ε’μῴ
957 465 1041 547 πατρι
1057 439 1097 512 ώς
1115 437 1162 504 καλ
1177 438 1341 545 συντρόφῳ
1339 439 1427 510 αὐτὸς

254 546 358 616 καῒσαρ
372 533 516 640 οηγηενιδα
537 529 730 635 συνηρμάσατο
745 537 874 610 γυναῖκα,
898 527 946 608 ἀφ’
968 520 1001 610 ής
1022 550 1095 604 τροις
1113 523 1269 606 ἐγενόμεθα
1288 519 1354 599 υἱοὶ,
1376 522 1427 628 δήο

253 619 303 722 μὲν
318 618 372 724 πρὸ
388 621 462 697 ε’μοῦ,
477 615 502 679 οἳ
517 641 565 677 και
556 611 714 695 64'644404'
698 638 776 684 οντες
786 611 860 675 πάνυ
872 611 960 716 ὅμοιοι
971 610 1125 716 α’λλήλοις’
1109 608 1265 714 ετίηχαυον,
1280 605 1321 678 ὡς
1337 607 1428 678 αὐτὸς
1448 669 1456 682 ,

254 703 271 767 ὁ
285 703 378 784 πατήρ
390 702 466 783 ἕλη
449 727 477 764 44
487 701 555 803 μοι.3
570 699 622 780 ἐγώ
634 698 688 780 γάρ
698 694 761 760 οὗτε
773 696 881 770 αὐτοὺς,
897 691 959 758 οὔτε
973 693 1022 776 τήν
1032 697 1169 756 τεκοῦσαν
1180 691 1253 755 πάνυ
1263 691 1427 800 ἐπίσταμαι,

255 786 354 850 ἀλλ’
330 809 422 864 ωσπερ
438 783 498 847 δι
485 783 598 864 ονείρων
613 781 734 884 ἀμυδρὸν
750 780 844 843 αὐτῶν
863 779 894 842 τὸ
914 777 1023 850 εἶ’δος
1004 778 1146 880 αυαφίρω.
1165 773 1181 858 ἡ
1202 771 1250 856 μὲν
1269 773 1318 877 ρδυ
1328 774 1428 878 μήτηρ

253 896 307 972 μρυ
324 868 469 932 Ματτιδία
482 863 637 948 ελεμγετο,
625 891 641 928 ο
656 864 685 928 δὲ
700 865 793 946 πατήρ
812 867 957 937 Φαῦστος,
977 866 1033 926 τών
1048 861 1078 925 δὲ
1093 861 1221 967 ἀδελφῶν
1236 856 1282 922 καί
1298 859 1394 922 αὐτῶν
1409 857 1426 920 ὁ

253 959 480 1034 μενψαυστῐνος
495 947 655 1024 ἐκαλεῖτο,
641 974 658 1010 0
673 947 703 1012 δὲ
721 947 925 1018 ψαυστινιανὸς
938 947 1069 1050 ἐλέγετο.Ι
1083 947 1149 1025 ἐμοῦ
1159 941 1208 1048 οὖν
1220 945 1312 1045 τρίτου
1324 945 1428 1047 ε’πιηεν-

254 1037 409 1140 νηθίντυς
404 1035 499 1104 αὐτοις
517 1031 534 1114 ή
552 1032 641 1114 μήτηρ
659 1031 763 1113 ὄνειρον
783 1030 910 1112 ἑωράκει,
931 1028 1045 1110 ώσπερῖ)
1063 1027 1079 1092 ὁ
1101 1027 1194 1110 πατήρ
1212 1052 1265 1133 μρυ
1283 1025 1427 1108 ὑφηγεῖτο,

255 1120 297 1183 ὅτι
311 1119 360 1183 ε’ἀν
378 1118 415 1202 μή
433 1117 497 1189 τοὺς
515 1115 640 1196 διδύμους
659 1116 734 1187 υἱοὺς
749 1114 839 1222 αήτής
857 1116 974 1194 ἐξαυτῆς
992 1111 1243 1237 παραλαβοῦσα
1215 1137 1272 1212 την
1276 1109 1429 1214 (Ρωμριίων

255 1204 325 1284 πρὸς
337 1202 512 1325 ἀποδημίαν
506 1201 635 1276 ε’ξελθοιῦ
650 1199 756 1263 κύλικ’
740 1195 784 1264 επὶ
800 1201 846 1279 ἔτη
857 1201 933 1274 δέκα,
948 1199 1147 1279 πανολεθράυ7
1160 1195 1237 1278 μόρῳ
1252 1192 1313 1276 άμα
1329 1194 1429 1266 αυτοῖς

256 1289 417 1351 ἀποθανεῖν
433 1285 512 1364 ἔχοι.8

339 1369 501 1430 LXXVII.
529 1366 626 1473 Ομὲν
635 1367 683 1431 οἷον
694 1393 788 1448 πατηρ
803 1362 992 1470 φιλήτεκνος
970 1391 1010 1427 ων
1024 1364 1073 1470 σήν
1089 1390 1118 1427 τε
1133 1364 1238 1436 δούλοις
1253 1390 1300 1426 και
1290 1359 1429 1434 δούλαις

256 1454 433 1538 ε’φοδιάσας’
422 1455 524 1524 ικανώς
537 1447 584 1514 καὶ
599 1453 638 1524 είς
652 1459 748 1515 πλοῖον
763 1450 948 1534 ἐμβαλόμευος
967 1450 1006 1522 44’4
1025 1450 1078 1521 τὰς
1093 1446 1261 1530 Ἀθήνας“
1230 1472 1301 1554 αμα
1316 1454 1429 1509 παιδευ

255 1541 429 1645 θησομένους
441 1539 638 1640 ε’ξεπεμφευ,’
622 1563 669 1617 εμε
660 1533 713 1598 δυ
726 1535 811 1616 φαίνου
826 1537 865 1607 είς
880 1535 1095 1614 ιιαραμυθίαν”
1079 1559 1156 1613 εσχεν
1169 1531 1245 1658 μεβ
1252 1533 1364 1594 ἑαυτοῦ.
1381 1527 1429 1634 καή

256 1620 300 1725 εήιὶ
315 1622 404 1700 τούτῳ
419 1621 571 1700 εὐχαριστω
560 1618 717 1695 πολλά,“γ
701 1645 744 1683 οτι
758 1617 830 1700 κάμὲ
844 1617 859 1682 ὁ
875 1619 979 1698 ὄνειρος
992 1645 1029 1724 μη
1017 1617 1210 1717 κεκελεάκειἸ
1226 1611 1287 1696 άμα
1297 1620 1332 1694 τῇ
1345 1641 1429 1696 μητρι

256 1707 304 1810 τήν
317 1705 461 1808 Ρωμαίων
476 1708 540 1786 ἐκβη
535 1729 588 1766 ναι
608 1703 696 1768 πόλιν.
722 1705 941 1804 περαιωθέντος
949 1701 997 1765 οὖν
1012 1704 1137 1765 ἐνιαυτου
1156 1699 1172 1762 ὁ
1191 1725 1286 1780 πατηρ
1301 1700 1429 1805 ἕπεμφεν

256 1793 295 1862 εἰς
310 1788 439 1869 Ἀθήνας
452 1787 581 1894 χρήματα
595 1797 654 1859 τοῖς
665 1787 759 1862 αὐτου,
774 1786 836 1891 άμα
850 1811 880 1850 τε
895 1812 942 1848 και
933 1783 1099 1884 μαθεῖν
1073 1810 1105 1849 το
1116 1788 1179 1856 πώς
1193 1784 1341 1866 διάηυυσιν.
1357 1809 1385 1846 οι
1380 1783 1430 1848 δὲ

257 1871 432 1944 ἀπελθόντες
451 1872 499 1952 οὐχ
522 1869 712 1952 υπίστρεφαν.
737 1871 820 1976 τρίτῳ
840 1868 910 1933 δὲ’
894 1873 1009 1948 ενιαυτῴ
1028 1867 1053 1932 ὁ
1064 1868 1157 1976 πατήρ
1178 1868 1333 1948 ἀθυμῶν
1318 1868 1431 1948 ετίροος

257 1959 381 2038 ἔπεμψεν
395 1954 497 2035 ὁμοιως
510 1956 581 2034 μετὰ
596 1955 770 2056 ε’φοδάου,’
737 1981 763 2018 04
777 1979 847 2025 τινες
865 1953 989 2034 τετάρτῳ
1007 1955 1157 2035 ἐνιαυτῴη
1140 1951 1232 2016 ίλθον
1247 1951 1431 2057 ἀναγγέλλου-

256 2066 308 2116 τες,
327 2040 408 2143 μήτε
414 2064 467 2119 μου
485 2039 534 2119 τήν
551 2043 686 2101 τεκοῦσαν
704 2037 721 2120 ἢ
740 2036 805 2109 τοὺς
824 2039 994 2143 ἀδελφοὺςι
980 2040 1183 2118 εωρακέναι,μ
1162 2037 1230 2118 μήτε
1249 2035 1302 2117 μήν
1325 2036 1431 2107 αὐτοὺς

256 2133 319 2195 ταῖς
331 2121 471 2226 Ἀθήναις
485 2123 715 2225 ἐπιδεδημηκέναι,
730 2119 816 2204 μηδλ2
838 2119 924 2185 άλλου
944 2123 1016 2194 τινὸς
1036 2125 1091 2184 τών
1109 2122 1159 2186 σὺν
1180 2121 1274 2192 αὐτοῖς
1294 2121 1431 2200 ἀπεληλυ

259 2206 357 2271 θότων
372 2207 424 2270 κάν
440 2203 513 2285 ἴχνος
526 2205 701 2310 εὑρηκέναι.

339 2291 518 2350 LXXVIII
560 2287 656 2390 Θμὲν
671 2316 718 2353 044
733 2289 825 2373 πατήρ
839 2293 931 2353 ταῦτα
946 2289 1070 2361 άκοάσας
1085 2315 1133 2352 και
1146 2287 1202 2354 ὑπὸ
1221 2291 1327 2394 πολλῆς
1340 2289 1432 2370 λάπης

256 2377 402 2474 ἔκθαμβος
420 2374 562 2473 γενόμενος
581 2400 628 2436 και
647 2375 696 2437 οὐκ
710 2375 806 2446 εἰδώς
803 2400 858 2437 που
877 2372 1001 2454 ὁρμήσας
1015 2377 1060 2437 ε’πι
1051 2370 1184 2479 ζήτησιν
1200 2375 1292 2436 αὐτῶν
1308 2371 1430 2456 γίνηται,

257 2463 304 2541 ε’με
295 2456 493 2566 παραλαβώη
513 2454 559 2520 καὶ
578 2459 617 2530 44'4
637 2457 750 2564 Πόρτον
769 2458 900 2562 καταβάς
921 2462 1032 2560 πολλῶν
1053 2455 1221 2564 πυκνότερον
1240 2457 1430 2533 ἐπυνθάνετο,

257 2549 311 2606 που
325 2568 443 2614 εκαστος
458 2541 551 2605 αὐτῶν
546 2541 697 2605 εἶδενΗ
649 2569 697 2642 ηη
681 2568 795 2606 νκυυσεν
811 2540 869 2606 ἀπὸ
886 2541 1030 2622 τεσσάρων
1044 2544 1113 2605 ε’τάν
1128 2541 1271 2622 γενόμενον
1285 2541 1431 2624 ναυάγιον

257 2653 304 2690 και
296 2623 404 2697 ἄλλος
415 2627 523 2706 άλλαχή
535 2626 658 2708 ἔλεγεν.
648 2652 664 2688 ο
679 2625 709 2690 δε
720 2625 956 2750 άντεπυνβάυετο,
972 2651 996 2688 44
993 2625 1245 2731 ’ἑφράκασιυ1
1202 2651 1286 2732 σφμα
1299 2625 1431 2708 γυναικὸς

256 2711 327 2791 μετὰ
342 2713 451 2813 βρεφῶν
466 2712 712 2812 ἐκβεβρασμένον.ἢ
727 2705 766 2773 ών
781 2704 828 2773 οὗν
836 2707 957 2772 3πολλοὶ
971 2709 1133 2791 λεγόντων
1119 2713 1240 2788 εωρακέν
1243 2735 1272 2772 αι
1287 2709 1431 2813 πτώματα

257 2799 331 2857 κατὰ
352 2791 471 2864 πολλοὺς
492 2792 607 2866 τόπους,
629 2793 645 2856 ὁ
665 2795 758 2876 πατήρ
782 2793 891 2857 ἀκούων
913 2794 1063 2866 ἐστέναζον.
1088 2791 1192 2876 πλήν
1179 2794 1235 2856 υπὸ
1259 2793 1431 2898 σπλάγχνων

256 2875 461 2980 θορυβούμενος
476 2875 609 2956 άλόγιστα
629 2877 714 2940 ἐδόκει
731 2877 958 2949 πυνθάνεσθαιβ
972 2875 1014 2938 ὅτι
1033 2881 1165 2940 τοσοῦτον
1180 2875 1303 2959 μέγεθος
1317 2878 1432 2941 θαλάτ-

256 2960 357 3040 4445'
343 2964 455 3038 ερευυάν
470 2961 607 3038 ἐπειρᾶτο.
622 2984 698 3040 ομως
712 2962 885 3062 συγγνωστὸς
899 2960 944 3064 ήυ,
964 2959 1007 3022 ὅτι
1026 2963 1061 3040 τῇ
1081 2962 1152 3043 πρὸς
1166 2962 1231 3034 τοὺς
1247 2964 1432 3042 ζητουμένους

257 3047 359 3145 στρργή
379 3043 483 3105 ἐλπίσιν
503 3045 671 3122 ἐβουκολεῖτο
690 3069 790 3116 κεναις.
810 3041 857 3108 καὶ
876 3042 1008 3148 δηποτε
995 3045 1050 3106 υπὸ
1068 3055 1247 3127 φροντισταῖς
1260 3045 1383 3127 ποιήσας
1396 3073 1432 3127 με

258 3122 305 3188 καὶ
320 3125 358 3196 είς
371 3123 485 3204 Ῥώμην
500 3127 678 3228 καταλεάμας
692 3133 848 3231 δωδεκαετή
863 3125 949 3200 αὐτὸς
963 3127 1125 3210 δυκράων’
1097 3155 1137 3200 εις
1152 3129 1267 3237 Πόρτοο
1278 3132 1432 3195 κατελθὼν

256 3206 303 3272 καὶ
318 3211 357 3281 είς
367 3215 463 3272 πλοῖον
473 3207 568 3313 ε’μβάς,
585 3209 752 3290 άναχθεις’
737 3240 781 3276 επι
795 3215 844 3296 τήν
838 3159 964 3293 [ζήτησιν
976 3211 1128 3319 ἐπορευθη.
1139 3210 1187 3276 καὶ
1202 3215 1232 3276 ἔκ
1245 3239 1310 3277 τοτε
1324 3215 1364 3286 είς
1380 3241 1432 3298 την

255 3293 372 3392 σήμερον
387 3291 489 3374 ἡμέραν
504 3292 567 3356 οὔτε·
582 3293 734 3376 γράμματα
749 3298 892 3402 ἐδεξάμην
895 3296 964 3379 παρ’
980 3297 1079 3372 αὐτοῦ,
1094 3323 1158 3360 ουτε
1173 3323 1196 3360 44
1193 3295 1275 3404 ’ζή
1259 3325 1276 3378 η
1292 3297 1432 3405 τέθνηκεν

256 3381 356 3460 σαφῶς
374 3377 532 3478 ἐπίσταμαι.
553 3383 660 3458 μάλλον
682 3377 741 3443 δὲ
728 3385 851 3456 υπονυώ,
873 3379 917 3443 ὅτι
938 3376 985 3443 καί
1005 3381 1091 3452 αὐτὸς
1111 3382 1244 3462 τίθνηκέυ
1265 3407 1321 3444 που
1341 3379 1431 3464 ἠδπὸ

254 3461 341 3564 λήιιης
350 3457 501 3568 νικηθειςή
515 3487 632 3564 ναυαη
606 3489 639 3526 ιω
637 3465 815 3588 περιησσώυ
830 3469 913 3528 τοῦτο
928 3462 957 3527 δὲ
971 3465 1109 3566 δεῖγμα,“
1091 3490 1135 3528 οτι
1148 3464 1200 3547 ήδη
1210 3465 1340 3530 λοιπὸν”
1323 3491 1354 3529 εκ
1365 3492 1431 3532 τοτε

192 3569 199 3584 ·
255 3545 378 3607 εἰκοστὸν
393 3545 455 3614 4'404·
469 3541 550 3623 ἐστιν,
568 3544 618 3627 ἀφ
620 3543 666 3648 ής
673 3548 827 3627 θούδεμίαν
842 3547 903 3612 τινά
918 3574 981 3626 περι
997 3574 1083 3653 αυτρυ
1072 3549 1270 3631 ἀλήθειαν”
1253 3575 1371 3631 ηκουσα.

339 3627 487 3686 LXXIX
545 3626 577 3692 Ὁ
599 3627 628 3692 δὲ
647 3632 795 3736 ΙΙίτρος’
776 3631 885 3695 ακοάωυ
906 3635 998 3694 ταῦτα
1017 3629 1072 3694 υπὸ
1094 3635 1280 3714 συμπαθείαις
1295 3633 1429 3716 ἐδάκρυεν

255 3705 301 3771 καὶ.
316 3710 425 3811 εὐθέφς
439 3720 496 3781 τοῖς
511 3717 621 3774 συνοῦσι
640 3715 757 3820 ηνησίοις
775 3717 950 3796 ἔφηταῦτα
964 3710 1043 3786 εἴτις
1061 3718 1236 3781 πέπονθεν’
1221 3744 1250 3780 44
1264 3695 1428 3803 θεοσεβειη,

255 3790 301 3854 υἷα
316 3790 332 3854 ὁ
347 3791 446 3854 τούτου
442 3793 561 3916 πατήρ,
576 3796 684 3868 εὐθέως
698 3801 738 3876 τῷ
752 3801 802 3879 τῆς
806 3800 980 3900 θεοσεβείας
993 3799 1107 3881 λόγῳ
1078 3826 1127 3882 την
1140 3803 1234 3864 αιτίαυ
1245 3806 1429 3883 προσήνττεν1

254 3873 471 3976 ἐπιγράφωυή2
493 3883 532 3956 τῴ
546 3883 664 3982 πονηρῷ.
680 3905 752 3943 ουτω
767 3878 814 3944 καὶ
828 3893 886 3954 τοῖς
900 3883 1100 3987 ταλαιπώροις
1102 3886 1197 3948 ἔθνεσι
1212 3885 1418 3967 συμβαίνει’
1374 3915 1429 3952 πα-

254 3982 339 4037 σχειν,
359 3984 405 4020 και
426 3960 576 4040 ἀγνοοῦμεν
596 3987 622 4024 οι
618 3963 788 4062 θεοσεβεῖς.
807 3966 1000 4046 ταλαιπώρους
1015 3965 1044 4029 δε
1064 3969 1166 4047 αυτοδς
1184 3968 1349 4051 εὐλόγως”
1319 3995 1428 4053 ειρηκα,

253 4039 297 4102 ὅτι
318 4043 446 4104 ἐνταυθα
462 4043 596 4116 ἀλῶνται,
617 4041 727 4126 καὶτῆς
742 4049 795 4109 ἐκει
788 4050 968 4120 ελπίδος’
937 4076 970 4112 ου
984 4051 1174 4130 τυγχάνωσιν
1190 4053 1219 4115 οἱ
1235 4053 1291 4134 γάρ
1309 4055 1339 4116 ἐν
1358 4067 1426 4120 θεο

254 4126 348 4204 σεβείᾳ
367 4124 522 4202 πάσχοντες
541 4125 578 4188 τά
598 4075 763 4209 θλιβερά)
734 4155 773 4202 εις
793 4132 924 4235 ἔκπραξιν
937 4136 1180 4215 παραπτωμάτων
1195 4136 1361 4237 πάσχουσιν.

338 4207 469 4264 LXXX
511 4211 612 4270 Ταῦτα
631 4235 680 4274 του
688 4215 813 4316 Πετρου
831 4215 957 4288 είπόυτος
976 4216 1015 4287 εἷς
1029 4242 1070 4288 444
1088 4223 1145 4282 τών
1159 4223 1188 4284 ἐν
1202 4217 1265 4300 υμῖν
1281 4222 1427 4304 τολμήσας

256 4281 318 4348 ἀντὶ
333 4285 446 4349 πάντων
460 4287 695 4368 παροκάλεσεν’
663 4294 756 4370 αυτὸν,
772 4297 866 4378 αὔρανυ
877 4299 1103 4382 ὀρθριώτερον’
1075 4328 1114 4375 εις
1119 4302 1309 4385 '244448041
1280 4331 1330 4387 την
1346 4308 1427 4370 κατέ-
