3114 4896
571 289 856 344 nrmouurruoa.
1259 269 1303 338 85

117 457 186 494 mus.
217 437 264 494 Ac
283 438 370 492 simul
386 443 472 509 atque
485 454 530 494 me
547 436 621 493 vidit
633 438 761 493 salutans
773 454 808 493 ac
820 436 967 493 osculatus
979 435 1036 492 Hic
1048 442 1103 505 est,
1114 435 1157 492 ait
1167 437 1236 504 illis,
1249 437 1298 508 qui

117 525 180 562 eum
193 524 229 562 eo
242 512 342 574 erant,
360 505 493 562 Clemens
531 505 565 560 de
583 523 639 576 quo
655 507 775 560 multum
790 505 828 560 ad
845 523 896 560 vos
913 522 1069 560 sermonem
1086 503 1187 570 habui,
1206 505 1296 575 deque

116 575 195 628 illius
207 573 364 629 nobilitate
377 591 412 629 ac
424 545 548 628 moribus
559 573 735 640 liberalibus,
749 573 824 644 quod
833 573 876 627 vir
886 589 921 628 ex
934 589 1038 645 genere
1049 571 1158 626 Tiberii
1168 571 1298 626 Caesaris

117 649 145 696 et
158 643 189 696 in
205 641 286 696 omni
305 641 417 697 Graeca
434 642 588 712 disciplina
605 642 777 696 exercitatus
794 659 812 696 a
824 641 952 696 Barbaro
965 640 1100 710 quodam,
1135 641 1165 693 ui
1182 645 1299 694 vocatur

116 711 230 776 Petrus,
244 709 345 764 fraude
359 711 520 780 compulsus
534 717 611 764 esset
623 709 660 763 ad
671 710 850 790 peragendos
863 727 896 764 ac
905 709 1112 779 praedicandos
1147 707 1297 762 hristiano·

115 797 176 831 rum
187 778 271 830 ritus.
308 779 401 842 Quare
412 795 492 849 rogo,
504 777 639 832 adiuvate
651 795 696 832 me
709 777 739 830 in
751 778 802 832 1110
815 778 887 832 eorri
910 777 990 832 endo.
1026 775 1099 832 Nam
1112 793 1205 831 coram
1217 775 1298 832 robis

117 863 180 900 eum
192 845 303 901 interro
326 863 356 912 o,
374 863 408 900 ac
423 863 469 900 res
491 845 596 924 ondeat
612 845 696 911 mihi,
714 845 876 916 quandoqui
899 862 942 899 em
954 844 1121 924 arbitratur,
1135 843 1211 924 quod
1223 860 1254 923 se
1266 849 1298 898 ut

117 915 260 984 pietatem
279 864 387 968 coIeret
400 865 555 979 dediderrt,
575 931 630 994 quo
647 912 731 967 modo
749 931 806 967 non
823 919 853 967 et
868 913 988 968 maxime
1001 912 1105 983 impius
1118 917 1170 978 sit,
1188 929 1237 982 qur
1248 929 1296 982 pa·

117 983 186 1036 trios
200 981 398 1053 dereliquerit,
413 981 601 1035 declinarent
613 997 679 1035 vero
692 981 730 1036 ad
741 980 876 1036 barbaros
893 987 979 1052 atque
997 980 1106 1036 alienos
1120 985 1149 1034 et
1160 987 1296 1034 monstro·

121 1067 166 1104 sos
179 1065 285 1102 mores.

184 1116 310 1172 XLVII.
349 1116 388 1170 Et
405 1133 459 1188 ego
477 1115 515 1170 ad
530 1116 611 1170 illum
635 1115 726 1170 Tuam
742 1116 856 1197 quidem
872 1116 902 1170 in
913 1133 968 1184 me,
986 1115 1016 1170 in
1037 1133 1110 1184 uam,
1123 1117 1298 1187 praeclaram

117 1185 300 1238 voluntatem
313 1190 461 1254 acceptam
473 1183 579 1254 habeo;
592 1190 622 1238 at
634 1184 842 1255 ignoratmnem
853 1185 979 1240 amolior.
1015 1131 1135 1240 &cilicet
1150 1185 1297 1256 praeclara

118 1253 234 1322 quidem
245 1253 381 1306 voluntas
395 1257 448 1319 est,
462 1251 528 1305 dum
540 1252 624 1318 iniis,
638 1269 710 1322 quae
723 1253 777 1306 tibi
789 1253 865 1306 bona
874 1253 1007 1307 videntur
1029 1269 1073 1306 me
1082 1253 1189 1306 versari
1201 1252 1296 1322 cupis3

117 1337 214 1373 verum
228 1320 359 1390 cognitio
371 1338 428 1374 non
439 1325 516 1374 recte
530 1319 667 1374 sehabet.
687 1317 690 1324 '
703 1320 821 1391 Ignoras
835 1321 923 1388 enim,
942 1292 1017 1388 quod
1277 1319 1283 1331 '

118 1388 175 1442 tiae
191 1405 247 1442 nos
265 1391 298 1441 in
313 1388 442 1442 fraudem
457 1405 549 1442 voces.
585 1387 624 1441 Et
641 1386 668 1440 Α
709 1388 756 1442 ion
767 1389 842 1443 Num
855 1388 950 1460 ergoi
974 1388 1083 1443 noratio
1101 1387 1157 1441 tibi
1173 1387 1295 1454 videtur,

118 1455 221 1536 inquit,
234 1456 345 1526 patrios
357 1457 429 1510 ritus
442 1455 580 1510 servando
593 1473 656 1510 eum
697 1456 789 1512 raecis
803 1455 928 1510 sentire?
975 1455 1075 1525 dquae
1085 1473 1139 1528 ego
1148 1455 1295 1526 respondi:

118 1523 171 1587 Qur
188 1524 284 1577 vitam
299 1524 347 1594 pie
364 1540 450 1595 agere
470 1522 585 1590 statuit,
607 1541 664 1578 non
681 1523 850 1578 omnimodis
869 1523 956 1578 debet
977 1523 1072 1604 patria
1089 1523 1224 1578 instituta
1241 1540 1297 1576 ser·

118 1591 395 1713 {tralatu}
408 1589 1297 1740 titultutulsstutlltsstltlu:¹tltzlultttltll
1395 1663 1398 1670 ·

492 1699 498 1725 ²

1034 1325 1184 1390 praetextu
1200 1319 1296 1373 amici-

13 1747 14 1750 *
118 1727 191 1780 nolit
226 1727 298 1780 atris
311 1743 402 1780 mores
414 1727 533 1793 Imitari,
551 1743 656 1796 eosque
673 1727 710 1780 ad
722 1732 877 1799 vestigium
897 1727 1063 1782 consectari.
1098 1725 1145 1779 Ad
1156 1726 1228 1780 haec
1266 1743 1297 1794 p·

13 1813 14 1834 r
137 1795 185 1848 ion
202 1745 283 1859 buid
300 1811 383 1865 ergo,
401 1801 511 1865 patrem
527 1801 606 1848 tuum
622 1795 665 1849 ais
681 1812 738 1848 non
754 1795 831 1852 bona
847 1793 1032 1850 vita-fuisse?
1062 1794 1209 1865 Respondi
1226 1811 1295 1866 ego:

117 1812 196 1916 Ilala
208 1862 328 1932 quidem
345 1879 409 1916 cum
422 1863 483 1917 vita
497 1862 586 1916 fuisse
599 1879 656 1916 non
669 1862 796 1930 dixerim,
811 1864 867 1917 nisi
880 1864 955 1934 quod
964 1863 1047 1918 falsis
1057 1881 1091 1918 ac
1102 1863 1197 1934 pravis
1208 1861 1295 1916 Grae·

118 1947 214 1984 corum
226 1930 334 1984 fabulis
345 1927 447 1984 habuit
458 1929 551 1985 iidem.
586 1929 624 1983 Et
637 1931 686 1984 ille
700 1930 859 2000 Quaenam,
876 1931 982 2013 inquit,
996 1937 1062 1985 sunt
1074 1930 1147 1985 istae
1161 1928 1297 1984 fabulae?

118 1996 180 2068 Ego
198 2015 269 2052 vero
287 1997 432 2069 excipiens
449 1998 521 2052 dixi:
545 1997 610 2053 Non
625 2003 706 2053 recta
717 1999 752 2052 de
765 1999 829 2054 Deo
841 1999 947 2071 opimo,
965 2016 1048 2071 quam
1062 1999 1087 2053 si
1098 2016 1189 2069 aequo
1202 1998 1295 2053 animo

121 2065 186 2132 fers,
200 2083 267 2119 cum
282 2065 347 2119 aliis
362 2065 492 2120 discendi
506 2084 541 2120 cu
562 2065 618 2119 idis
630 2066 737 2120 audies.

186 2133 328 2187 XLVIII.
348 2133 439 2197 Quare
451 2140 518 2190 ante
551 2135 761 2189 issertationem
775 2134 940 2190 secedamus
955 2136 986 2190 in
997 2135 1121 2206 aliquem
1133 2134 1235 2202 locum,
1248 2133 1297 2205 qui

120 2199 257 2255 maiorem
276 2201 401 2270 quietem
416 2203 561 2272 praebeat.
596 2202 634 2256 Et
651 2219 684 2256 eo
700 2203 856 2284 progressi,
878 2203 928 2258 ubi
970 2222 1021 2258 ura
1041 2209 1122 2259 erant
1139 2203 1297 2274 gelidorum

120 2267 240 2322 laticum
252 2268 363 2323 fluenta
375 2275 405 2323 et
416 2269 549 2324 viridium
562 2271 651 2324 omnis
665 2287 778 2342 generis
788 2272 917 2325 arborum
930 2223 1095 2339 oblectatio,
1109 2271 1296 2326 consedimus.

119 2334 248 2417 Cumque
270 2353 367 2392 omnes
385 2353 429 2392 me
448 2336 512 2391 fixis
530 2337 621 2392 oculis
639 2337 829 2406 intuerentur,
846 2339 922 2395 hunc
939 2340 969 2393 in
990 2340 1105 2394 modum
1121 2339 1230 2410 alloqui
1246 2355 1295 2393 eos

120 2421 169 2458 coe
192 2423 217 2457 ιε
656 2429 658 2432 ·

170 2421 297 2526 pXLIX.
322 2470 416 2526 Multa
429 2477 487 2539 est,
504 2472 599 2540 oviri,
618 2472 781 2527 differentia
797 2473 872 2527 inter
882 2473 1033 2528 veritatem
1049 2478 1135 2542 atque
1148 2477 1297 2528 consuetu-

119 2538 222 2594 dinem.
257 2539 302 2592 Ex
325 2537 444 2595 Graecis
467 2541 542 2594 enim
562 2541 613 2595 alii
630 2541 736 2594 multos
754 2539 822 2593 deos
838 2540 928 2594 malos
948 2541 1133 2620 pluribusque
1150 2540 1296 2611 perturba·

117 2607 247 2661 tionibus
264 2606 401 2662 obnoxios
418 2607 602 2676 induxerunt,
619 2615 652 2662 ut
665 2607 713 2678 qui
726 2607 832 2662 similia
863 2613 954 2662 atrare
967 2609 1071 2689 velint,
1090 2607 1156 2662 illos
1167 2608 1295 2662 malitiae

118 2681 255 2745 patronos
274 2673 407 2729 babeant.
442 2674 503 2730 Alii
519 2694 586 2731 vero
603 2677 720 2744 Fatum,
738 2676 813 2747 quod
858 2676 934 2730 atale
953 2673 1095 2750 [Genesrs]
1115 2675 1232 2742 dicitur,
1253 2675 1295 2728 in-

118 2748 269 2810 vexerunt,
278 2759 324 2822 'ac‘
329 2749 442 2812 praeter
453 2744 526 2798 illud
537 2761 629 2814 neque
641 2745 712 2816 patI,
725 2759 817 2868 regua
829 2744 925 2799 facere
937 2761 1097 2825 quenquam
1104 2760 1193 2866 posse
1205 2743 1295 2810 aiunt,

14 2847 16 2858 ν
116 2817 148 2864 ut
158 2827 227 2864 curn
238 2811 466 2866 existimaverint
477 2812 619 2866 neminem
630 2818 743 2883 praeter
784 2813 883 2868 enesin
900 2829 1052 2884 quicquam
1067 2830 1102 2868 ve
1125 2811 1236 2880 faeere,
1248 2811 1295 2867 vel

117 2879 177 2948 pati
188 2894 289 2958 posse,
301 2877 388 2933 facile
400 2879 438 2934 ad
448 2880 625 2950 peccandum
638 2881 793 2950 accedant,
807 2887 836 2936 et
848 2887 915 2952 post
925 2888 1076 2953 peccatum
1087 2898 1145 2936 non
1157 2881 1297 2936 ducantur

116 2951 301 3066 guenitentia
313 2945 399 3016 impie
412 2953 564 3019 gestorum.
599 2947 660 3000 Alii
676 2955 771 3003 autem
786 2955 966 3022 praesentem
982 2967 1074 3004 rerum
1086 2955 1192 3004 statum
1204 2948 1296 3020 provi-

137 3014 236 3068 entiae
254 3019 399 3083 expertem
419 3032 483 3069 esse
500 3015 671 3083 decernunt,
694 3021 780 3087 atque
798 3035 850 3072 sua
867 3023 967 3088 sponte
988 3017 1204 3073 universitatem
1220 3017 1295 3070 hanc

116 3081 183 3136 ferri
196 3087 319 3135 censent
331 3081 444 3136 domino
455 3083 535 3137 nullo
563 3083 739 3152 raesidente3
752 3086 828 3155 quod
837 3101 905 3140 sane
915 3086 1038 3140 omnium
1048 3093 1092 3140 est
1105 3085 1294 3151 durissimum,

115 3150 156 3204 ita
167 3149 268 3202 Deum
278 3148 476 3230 blasphemare
489 3156 519 3205 et
530 3101 566 3206 ab
580 3151 816 3231 omniouniversae
825 3158 943 3233 naturae
953 3155 1095 3225 expellere
1104 3152 1294 3233 providentia,

115 3224 146 3272 ut
158 3224 190 3272 et
202 3223 358 3284 asseratur,
370 3235 512 3272 nemmem
524 3235 601 3286 esse,
619 3235 667 3289 qui
678 3220 841 3291 praefectus
855 3227 893 3275 sit
905 3237 939 3275 ac
970 3221 1099 3276 rovideat
1112 3227 1141 3276 et
1153 3237 1294 3276 universis
1387 3271 1389 3278 .

116 3303 165 3354 pro
177 3283 284 3339 merito
296 3285 442 3340 attribuat.
469 3286 561 3350 Quare
575 3286 623 3356 qui
635 3287 693 3342 ista
705 3289 864 3359 opinantur,
877 3306 934 3342 non
945 3240 1032 3343 boile
1044 3288 1194 3342 honestam
1205 3287 1295 3342 vitam

14 3387 15 3394 κ
119 3353 241 3419 ducunt,
275 3352 323 3406 uia
334 3352 500 3423 impendens
512 3354 669 3426 perieulum
681 3373 738 3409 non
768 3356 925 3409 raevident.

183 3419 220 3472 L.
279 3425 292 3472 t
310 3435 376 3474 vero
396 3420 525 3476 doctrina
537 3439 644 3489 eorum,
663 3439 733 3492 quos
749 3374 890 3476 barbaros
902 3420 1025 3489 vocatis,
1042 3420 1163 3475 maxime
1179 3421 1228 3491 pia
1241 3425 1294 3487 est,

117 3505 191 3558 quae
204 3505 294 3540 unum
306 3487 400 3542 Deum
412 3495 442 3543 et
454 3505 471 3542 0
492 3488 586 3545 ificem
598 3490 687 3545 totius
703 3490 787 3544 huius
799 3489 897 3544 mundi
913 3488 1068 3544 introducit
1080 3493 1181 3544 natura
1191 3488 1297 3544 bonum

116 3573 149 3610 ac
162 3556 289 3610 iustum:
306 3554 410 3636 bonum
423 3507 550 3628 quidem,
567 3563 600 3612 ut
617 3558 665 3630 qui
677 3558 891 3640 poenitentibus
905 3557 1012 3613 delicta
1024 3556 1178 3626 condonet3
1190 3556 1297 3611 iustum

116 3629 229 3691 autem,
248 3627 347 3694 utqui
362 3624 515 3696 unicuique
537 3643 595 3704 non
610 3627 771 3698 poenitenti
790 3644 842 3699 pro
863 3625 1003 3682 factorum
1023 3625 1132 3682 meritis
1148 3625 1296 3683 retribuat.

117 3897 173 3948 loeo
186 3898 291 3963 quidem
304 3896 490 3949 mutato-3
521 3895 561 3969 μὴ
581 3895 688 3969 πατρὸς
781 3903 840 3968 Cap.
852 3901 947 3953 XLIX.
975 3898 1002 3969 1)
1015 3898 1151 3970 τυγχάνει
1163 3919 1210 3952 om,
1222 3903 1296 3951 D.-

118 3964 251 4032 εὐσεβοῦς
262 3967 293 4016 el.
307 3981 347 4032 ap.
360 3965 494 4016 Cot-4
523 3967 631 4020 ἐθέλειν
642 3970 688 4020 καὶ
729 3966 746 4018 2
768 3967 1297 4038 ἐθέλοντεςΟΙ).-3)εὶσήγαντοῦ.-

117 4053 148 4102 ps
173 4038 274 4086 εῖσθαι
285 4034 317 4083 D.
327 4060 363 4072 -
374 4029 402 4100 5)
414 4035 460 4086 καὶ
473 4051 521 4084 om.
537 4038 563 4084 B.
577 4035 689 4085 Subinde
730 4032 749 4085 4
777 4038 854 4088 Voce.
870 4040 917 4088 καὶ
932 4033 1139 4155 ἁμαρΒτάνοντες
1155 4053 1203 4085 om.
1220 4038 1249 4085 Β.
1262 4063 1296 4071 -

118 4117 130 4150 e
163 4101 219 4150 ibet
235 4099 326 4160 κακῶς
343 4102 369 4153 0.
388 4127 422 4138 -
443 4097 471 4169 6)
489 4103 689 4172 φιλομαθῶςῡ
731 4103 988 4156 bnouacoessitex
1020 4106 1062 4156 01)
1075 4106 1140 4154 etal.
1150 4119 1190 4169 ep.
1201 4103 1295 4152 Cot-

120 4173 142 4218 et
152 4170 184 4218 el.
198 4184 239 4234 ap.
253 4169 308 4220 Oot.
732 4170 749 4221 6
774 4166 867 4222 scirem.
880 4174 902 4222 D
915 4172 983 4223 etal.
997 4189 1036 4238 ap.
1049 4173 1103 4222 Oct.

15 4233 16 4260 ¹
169 4237 230 4302 (lap.
255 4236 380 4288 XLVIII.
422 4232 448 4303 1)
473 4230 508 4301 ἦν
531 4252 579 4287 om.
604 4239 633 4286 B.
657 4263 690 4272 -
785 4240 844 4305 Gap.
865 4241 894 4289 L.
930 4234 957 4304 1)
978 4241 1024 4290 καὶ
1042 4238 1123 4290 textui
1140 4238 1296 4288 restituimus

15 4283 16 4332 l
121 4298 147 4369 2)
161 4305 277 4371 τέρψεις
288 4304 320 4353 al.
335 4319 375 4370 ap.
388 4304 442 4354 Cot.
463 4304 496 4340 -'-
518 4300 546 4372 3)
563 4299 691 4366 ἔκαθεζό-
734 4322 764 4356 ex
775 4308 851 4356 BcD
872 4311 898 4355 et
909 4305 947 4356 ed.
962 4307 1087 4372 principe,
1100 4310 1232 4372 postquem
1244 4305 1297 4356 edi·

124 4385 178 4440 μην
188 4375 218 4426 Β.
230 4401 267 4412 -
277 4367 308 4441 4)
321 4371 387 4430 τοῦς
400 4372 428 4423 G.
735 4374 846 4424 tionibus
863 4373 982 4424 Gotelerii
998 4379 1023 4426 et
1040 4373 1132 4426 Clerici
1150 4374 1214 4425 male
1231 4373 1298 4424 exei-

1097 4455 1126 4498 80
