3114 4896
555 330 708 382 neruosus
726 329 839 382 esron.
1245 314 1287 380 29

171 478 314 534 XXXVI.
351 478 429 544 Quae
448 493 512 532 cum
528 477 630 532 Petrus
648 478 783 546 dixisset,
800 495 834 533 ac
852 478 887 533 de
906 476 1039 549 operibus
1056 476 1113 532 Dei
1131 477 1286 545 docuisset,

107 554 214 618 quanta
233 565 271 601 ue
294 547 371 601 bona
391 564 409 600 a
424 545 488 600 Deo
509 545 616 599 homini
639 546 696 600 sint
717 547 837 613 donata,
858 553 944 616 atque
965 546 1056 600 multa
1074 546 1231 601 monuisset
1251 546 1287 601 dc

107 565 286 682 menardiria,
306 615 336 668 id
356 620 400 669 est
415 614 499 666 unius
511 613 568 667 Dei
584 613 760 686 principatu,
775 614 871 669 Simon
888 619 967 668 extra
979 613 1089 668 turbam
1101 631 1171 668 voce
1184 631 1288 685 magna

107 683 185 738 infit:
206 683 285 748 Quid
303 683 465 736 adstantem
483 681 538 735 tibi
556 681 715 752 imperitam
732 682 945 736 multitudinem
966 681 1010 735 vis
1030 681 1194 736 mentiendo
1211 682 1286 735 deci·

107 769 187 823 pere,
207 753 276 805 dum
287 749 443 822 persuades
457 749 514 816 eis,
529 749 597 802 deos
610 767 663 803 nec
675 751 819 804 nominare
832 750 943 804 licitum
956 766 1028 816 esse,
1041 766 1094 816 nec
1107 750 1211 816 dicere,
1225 767 1287 804 eum

106 819 217 890 publici
229 819 400 874 Iudaeorum
417 817 483 871 libri
495 817 600 871 multos
613 817 682 871 deos
696 835 758 872 esse
771 816 956 872 asseverent?
978 817 1016 870 Et
1028 833 1094 872 vero
1106 835 1181 872 nunc
1195 834 1287 872 eoram

108 886 239 942 omnibus
253 903 288 940 ex
305 887 341 940 iis
354 885 435 940 libris
451 891 546 938 tecum
563 885 607 938 dis
628 891 708 940 utare
727 886 792 940 volo
810 886 844 940 de
864 903 906 952 eo,
921 885 995 956 quod
1008 885 1086 939 Deos
1099 885 1235 940 exsistere
1249 885 1288 939 sit

109 955 346 1020 existimandum,
365 959 394 1008 et
406 951 483 1023 prius
497 951 531 1006 de
546 969 579 1007 eo
623 970 670 1020 eo,
684 970 767 1023 quem
778 954 933 1024 protulisti,
946 954 1066 1008 ostendo
1080 970 1142 1006 eum
1154 971 1211 1008 non
1224 969 1287 1008 esse

110 1040 272 1094 supremam
284 1039 319 1076 ac
332 1021 555 1091 omnipotentem
567 1021 788 1092 providentiam,
802 1023 868 1092 quia
880 1021 1051 1093 improvidus
1064 1021 1219 1075 futurorum
1232 1028 1286 1088 est,

110 1091 310 1161 imperfectus,
328 1089 461 1160 indigens
478 1106 512 1143 ac
528 1090 642 1144 omnino
661 1107 717 1143 non
729 1090 827 1145 bonus.
863 1090 924 1154 Quo
941 1090 1072 1144 nimirum
1093 1091 1286 1145 demonstrato

109 1177 142 1214 ex
155 1158 321 1229 Scripturis,
340 1157 574 1227 quemadmodum
591 1175 645 1228 ego
663 1174 771 1224 assero,
790 1163 880 1212 restat
893 1163 924 1211 ut
938 1158 975 1211 sit
987 1158 1061 1212 alius
1072 1157 1153 1212 Deus
1171 1158 1201 1212 iu
1214 1157 1287 1212 Scri-

129 1233 190 1281 tura
207 1245 267 1281 non
284 1230 526 1292 commemoratus,
563 1225 688 1279 raescius
706 1223 871 1292 futurorum,
889 1225 1042 1296 perfectus,
1064 1243 1121 1280 non
1143 1225 1286 1298 indigens,

109 1247 213 1362 Sonus,
231 1295 270 1349 ab
288 1293 419 1348 omnibus
437 1293 519 1347 malis
536 1243 622 1362 libem
643 1293 693 1348 ille
706 1299 814 1361 autem,
828 1311 911 1364 quem
924 1293 1063 1364 loqueris,
1081 1293 1184 1347 mundi·
1191 1293 1287 1365 opifex

111 1363 291 1418 contrariiso
333 1360 424 1415 esitus
437 1366 488 1414 est.

326 1471 331 1480 .
368 1427 471 1483 Statim
490 1444 558 1500 ergo
576 1428 625 1497 qui
642 1427 679 1483 ad
692 1429 753 1483 eius
767 1428 983 1482 similitudinem
995 1427 1089 1482 factus
1102 1434 1147 1482 est
1158 1427 1287 1484 Adamas

111 1499 196 1554 etiem
209 1514 315 1554 caecus
327 1503 439 1551 creatur
451 1503 480 1550 et
493 1496 686 1567 cognitionem
704 1496 776 1550 forte
793 1497 862 1550 boni
876 1497 922 1550 vel
934 1496 1001 1550 mali
1015 1495 1185 1550 nonhabere
1198 1499 1287 1552 cerni-

111 1575 164 1633 tur,
176 1585 228 1639 pro
250 1571 295 1620 ter
307 1565 383 1636 quod
395 1570 424 1618 et
435 1570 628 1636 transgressor
640 1565 784 1618 invenitur
794 1570 880 1632 atquc
893 1581 908 1617 e
921 1564 1053 1634 paradiso
1064 1564 1178 1618 eiicitur
1186 1571 1287 1619 morte-

111 1651 164 1706 que
176 1585 323 1689 muliatur.
359 1631 450 1687 Simili
463 1649 573 1703 quoque
586 1633 668 1687 modo
682 1633 731 1702 qui
743 1632 825 1686 finxit
837 1633 931 1700 ilium,
944 1631 1172 1702 quandoquidem
1185 1639 1289 1689 cuneta

111 1721 166 1758 non
183 1703 281 1770 videt,
299 1701 330 1755 in
347 1699 530 1755 Sodomorum
548 1700 635 1754 exitio
656 1702 754 1768 Venite,
772 1701 877 1770 inquit,
896 1709 921 1754 et
935 1703 1122 1754 descendentes
1139 1702 1288 1770 videamus,

112 1791 148 1825 cn
171 1774 322 1826 secundum
343 1771 490 1823 clamorem
509 1771 631 1838 ipsoram
651 1771 699 1837 qui
715 1773 753 1822 ed
769 1787 810 1822 me
826 1770 897 1822 evcnit
913 1770 1071 1838 perficient,
1091 1770 1135 1822 eia
1154 1770 1245 1822 minue
1260 1779 1290 1824 et

111 1842 197 1896 eciam
210 1845 241 1894 et
253 1839 384 1911 ignarum
402 1853 431 1891 se
444 1836 578 1891 ostendit.
615 1836 733 1901 Quando
746 1843 841 1892 autem
854 1835 925 1891 dicit
938 1836 972 1890 de
985 1835 1109 1891 Adamo:
1129 1838 1288 1891 Eiiciamee

113 1927 177 1978 eum,
190 1909 311 1977 ecferte
324 1913 434 1958 estense
448 1923 533 1958 mane
545 1923 596 1958 sesa
610 1907 728 1974 attinpat
744 1907 848 1974 lippum
865 1907 937 1958 vitoe
955 1913 979 1958 et
991 1907 1126 1974 comedat,
1144 1914 1168 1959 et
1179 1905 1249 1959 vivet
1260 1907 1289 1959 e'c

113 1988 254 2032 aeteruum
274 1972 386 2026 invidet
403 1988 520 2042 quoque.
558 1971 683 2042 Cumque
706 1973 918 2044 scriptumest:
937 1975 1033 2027 Secum
1051 1974 1187 2042 reputavit
1204 1976 1289 2040 Deire,

114 2047 185 2114 quod
190 2045 309 2114 fecisset
320 2041 453 2094 homiuem
466 2045 496 2094 et
506 2040 686 2110 poenitentia
698 2041 811 2095 ducitur
823 2046 852 2094 et
864 2040 984 2112 ignorat.
1020 2040 1093 2095 Nam
1111 2041 1183 2094 illud
1200 2059 1289 2095 eccum

112 2113 250 2184 repetierit
261 2107 452 2163 consideratio
466 2113 522 2174 est,
541 2125 597 2178 qua
608 2108 712 2178 aliquis
729 2109 765 2163 ob
783 2126 878 2164 eorum
895 2125 967 2178 quae
985 2109 1065 2179 cupit
1082 2107 1288 2180 ignorationem

112 2180 196 2236 finem
216 2177 373 2249 diligenter
389 2176 533 2246 explorare
551 2177 627 2244 vult3
648 2182 698 2231 aut
714 2183 759 2231 est
774 2177 951 2248 poenitentis
969 2177 1004 2231 de
1022 2195 1066 2244 re,
1088 2195 1160 2247 quac
1177 2183 1290 2249 praeter

113 2247 286 2302 sententiam
299 2243 429 2316 contigit.
465 2243 547 2308 Quod
560 2245 646 2299 etiam
660 2245 714 2299 scri
735 2253 795 2301 tum
808 2251 865 2300 est:
889 2247 929 2298 Et
944 2247 1076 2299 odoratae
1096 2255 1134 2299 eet
1151 2247 1289 2300 Dominus

113 2319 224 2370 oderem
237 2313 384 2367 suavitatis
395 2311 553 2384 indigentis
567 2318 611 2367 est
624 2318 666 2380 et,
679 2264 777 2368 nidore
791 2315 916 2368 carnium
929 2312 1103 2367 delectatum
1115 2313 1219 2381 fuisse,
1232 2331 1288 2367 non

111 2383 187 2438 boni.
212 2381 340 2436 Tentare
353 2385 448 2434 autem
461 2381 536 2434 sicut
549 2381 685 2462 scriptum
698 2388 756 2436 est:
776 2384 815 2435 Et
827 2383 938 2435 tentavit
950 2383 1088 2435 Dominae
1097 2383 1288 2435 Abrabamem

114 2451 182 2506 mali
195 2455 241 2505 est
253 2467 288 2503 ac
301 2448 372 2516 eius,
404 2449 434 2502 ui
445 2448 559 2520 ignoret
571 2455 677 2503 exitum
689 2448 853 2520 patientiae.

179 2515 351 2571 XXXVIII.
385 2465 434 2571 Sic
454 2533 490 2570 ue
512 2515 608 2571 Simon
627 2517 725 2570 multis
747 2515 909 2586 Scripturae
930 2514 1015 2568 dictis
1039 2515 1113 2569 male
1134 2515 1288 2594 assumptis

112 2587 232 2658 probare
244 2584 407 2652 nitebatur,
424 2533 519 2639 fleam
534 2585 652 2655 perinde
669 2602 703 2638 ac
715 2584 844 2638 homines
856 2582 932 2636 omni
948 2581 1125 2652 perpessioni
1137 2583 1289 2637 obnoxium

112 2673 181 2710 esse.
219 2653 295 2706 'I'um
312 2651 413 2706 Petrus
425 2650 485 2720 An,
503 2653 610 2723 inquit,
631 2652 680 2723 qui
696 2653 788 2706 malus
808 2669 842 2706 ac
859 2651 943 2722 plane
961 2650 1104 2721 improbus
1122 2656 1180 2716 est,
1197 2650 1288 2704 nulla-

113 2731 196 2777 tenus
209 2721 284 2775 velit
300 2736 331 2774 se
349 2719 410 2791 ipse
427 2737 545 2792 arguere
563 2721 593 2774 in
608 2720 644 2774 iis
658 2737 729 2791 quae
742 2726 858 2792 peccat,
875 2717 1015 2789 responde
1027 2718 1104 2772 mihi.
1140 2716 1236 2772 Simon
1246 2735 1289 2772 re-

112 2790 242 2863 spondit:
262 2787 381 2842 Minime
397 2787 476 2842 velit.
511 2789 550 2842 Et
566 2788 683 2843 Petrus:
702 2789 863 2853 Quomodo
881 2787 970 2860 igitur
985 2788 1077 2842 malus
1093 2804 1127 2841 ac
1144 2786 1288 2858 improbus

113 2877 175 2914 esse
189 2862 290 2930 potest
301 2855 392 2936 Deus,
411 2873 475 2910 cum
491 2856 581 2927 ipsius
598 2858 746 2912 voluntate
763 2857 914 2928 opprobria
925 2856 955 2909 in
973 2855 1053 2910 illum
1065 2855 1227 2926 conscripta
1236 2874 1288 2936 pu·

112 2927 188 2982 blice
201 2923 350 2996 proposita
367 2924 443 2978 snit?
461 2923 506 2978 Ac
522 2923 631 2980 Simon:
650 2925 728 2980 Fieri
739 2931 845 3007 potest,
866 2930 899 2978 ut
915 2924 994 2978 illius
1012 2923 1194 2995 reprehensio
1218 2930 1289 2978 citra

111 2991 628 3130 ttluutltttlmstultiut
638 2993 807 3117 {tituli
823 2991 1066 3116 ,titilius
1077 2992 1202 3115 titt:
1212 3009 1287 3114 titt

112 3080 261 3185 eonfdssus
273 3145 318 3194 es,
336 3127 479 3199 improbus
491 3145 548 3182 non
561 3135 620 3197 est3
641 3130 686 3183 sin
698 3148 765 3186 vero
777 3130 835 3186 alia
851 3081 970 3196 Virtute,
987 3079 1184 3200 in'quirendnm
1197 3134 1242 3184 est
1254 3145 1287 3182 ac

112 3197 243 3252 omnibus
260 3195 369 3274 viribus
386 3196 614 3276 eraminandum,
634 3199 781 3270 numquis
799 3215 875 3266 cum,
897 3197 946 3268 qui
964 3199 1040 3252 solus
1052 3198 1144 3252 bonus
1157 3198 1287 3264 exsistet,

111 3265 241 3320 omnibus
253 3263 338 3318 malls
351 3263 512 3318 subrecerrt

112 3395 151 3439 set
164 3384 276 3454 ζήσεται
291 3388 367 3437 Hom.
383 3387 401 3436 l.
418 3402 439 3437 o,
453 3391 477 3436 et
488 3391 588 3438 nostras
599 3389 679 3456 Epit,
721 3385 746 3451 8,
758 3383 812 3454 ΙΙ),
830 3382 872 3438 ὅτι
891 3387 958 3450 vulg.
976 3413 1010 3422 -
1031 3383 1074 3452 15)
1091 3389 1191 3456 κνίσσῃ
1208 3386 1235 3435 0.
1252 3411 1287 3420 -—

114 3452 177 3522 ζήση
190 3473 256 3506 corr.
271 3471 293 3506 ει
309 3455 336 3516 0,
352 3450 415 3520 ζὴση
428 3455 546 3506 exhibent
554 3457 598 3506 BD
612 3462 636 3506 et
647 3457 678 3508 sl.
723 3451 767 3522 16)
785 3457 830 3507 καὶ
853 3471 883 3503 ex
903 3453 991 3514 BCD,
1012 3455 1087 3503 Hom.
1112 3455 1130 3504 1.
1151 3469 1180 3514 c,
1201 3457 1287 3502 nostra

113 3542 150 3592 sp.
170 3525 227 3576 Cot.
251 3549 286 3557 -
310 3517 337 3589 7)
360 3507 409 3573 καί
422 3523 527 3573 accessit
547 3538 578 3573 er
595 3524 680 3588 BcD,
722 3524 792 3590 Epit.
811 3528 835 3573 et
856 3522 888 3572 sl.
906 3537 945 3603 ep.
967 3521 1034 3584 Cot,
1060 3517 1103 3572 ὅτι
1128 3522 1195 3584 vulg.
1222 3522 1284 3571 Gen.

113 3595 186 3642 IIom.
199 3593 218 3642 l.
229 3607 260 3654 a,
275 3595 362 3640 nostre
370 3590 439 3656 Epit.
452 3595 477 3640 et
489 3592 521 3642 al.
533 3607 572 3658 ap.
583 3592 637 3642 Cot.
645 3619 680 3628 -
722 3589 764 3655 22,
781 3589 803 3640 l.
815 3619 850 3628 -
862 3585 906 3658 17)
919 3589 1086 3659 υπογραφῆς
1097 3591 1128 3644 Β.

112 3657 138 3727 8)
158 3662 237 3712 Voce.
251 3675 282 3726 ys
302 3651 424 3726 ράφθαι,
446 3655 490 3710 ὅτι
508 3675 559 3709 non
576 3661 679 3710 suntin
757 3660 816 3726 Gap.
828 3658 978 3710 XXXVIII.
1001 3654 1026 3727 1)
1038 3654 1077 3728 μὴ
1090 3659 1120 3708 al.
1135 3673 1174 3724 cp.
1188 3656 1286 3708 (lot—
1379 3667 1382 3674 ·

113 3730 142 3778 Ι).
155 3729 221 3778 Gen.
233 3723 259 3789 6,
272 3674 302 3776 oy
308 3751 342 3760 —
362 3721 390 3792 9)
402 3726 442 3776 Ita
453 3727 528 3777 Boo
541 3743 562 3777 c.
575 3731 648 3778 Hom.
661 3729 678 3778 l.
721 3724 749 3794 2)
761 3724 828 3779 κακὰ
839 3728 914 3778 Hom.
926 3726 974 3788 ΙΙΙ,
985 3723 1028 3791 40,
1041 3732 1127 3778 nostra
1135 3727 1204 3793 Epit.
1218 3731 1243 3776 ct
1254 3727 1286 3776 al.

114 3812 133 3845 c.
146 3801 172 3846 et
183 3799 273 3846 nostra
287 3793 371 3860 Epic,
385 3791 445 3844 ἐστὶ
455 3795 523 3857 vulg.
546 3821 581 3830 -—
606 3792 619 3843 1
639 3791 649 3862 )
664 3783 681 3860 ἦ
722 3811 761 3862 ap.
774 3795 828 3846 Cot.
843 3821 878 3830 —
897 3789 924 3861 3)
937 3791 976 3863 μ)
994 3795 1063 3848 deest
1076 3795 1103 3844 iu
1115 3797 1144 3858 B,
1158 3811 1233 3861 supra
1242 3795 1285 3844 ad·

113 3869 150 3914 ost
170 3862 316 3913 coniectura
331 3861 430 3910 Davisii
446 3863 477 3911 cd
490 3863 565 3912 Hom.
578 3863 625 3926 111,
637 3849 680 3924 39,
723 3863 790 3912 ditur
802 3869 884 3914 temen
896 3878 960 3913 man.
973 3880 1021 3914 rec.
1032 3864 1122 3926 siglum
1133 3859 1173 3915 οὐ.
1191 3862 1285 3912 Eadem

113 3927 185 3996 tac
198 3935 225 3979 et
237 3930 307 3992 vulg.
321 3945 376 3978 cum
389 3929 501 3994 utrisque
513 3931 681 3982 Homiliarum
723 3947 810 3980 manus
822 3931 928 3980 inscruit
940 3929 970 3982 di
991 3937 1048 3998 post
1066 3931 1166 3998 ἑτέρας.
1202 3932 1286 3994 Aeque

114 4003 136 4048 st
147 4003 250 4048 nostrae
263 3997 334 4062 Epic.
348 3996 433 4058 Codd,
447 4001 474 4049 εἴ
483 3999 514 4047 Ι).
527 4025 561 4034 —-
575 3993 619 4066 11)
631 4017 679 4050 κα·
724 3999 793 4048 deest
803 3994 842 4067 μὴ
855 3999 881 4048 in
894 3995 925 4059 1),
938 3999 964 4048 in
976 4005 1082 4064 utroque
1094 4000 1169 4048 Hom.
1184 3997 1243 4046 Cod.
1261 4001 1286 4044 et

114 4061 145 4117 rei
155 4066 232 4117 BCD
245 4069 271 4114 et
284 4065 315 4114 al.
329 4079 368 4130 ap.
381 4064 444 4126 Cot,
460 4066 552 4116 rectius
563 4061 602 4136 μὴ
614 4063 682 4118 κατὰ
723 4068 784 4118 Mss.
796 4071 895 4115 nostrae
912 4067 994 4132 Epit.;
1014 4066 1151 4132 ἐνδέχεται
1172 4059 1212 4133 μὴ
1234 4063 1284 4113 des.

113 4133 366 4202 el.ap.Cot.utHom.
380 4132 396 4181 l.
409 4147 429 4181 e.
444 4137 469 4181 et
480 4140 565 4184 nostra
575 4134 681 4200 Epit—
722 4134 750 4184 in
763 4135 789 4183 Ο.
801 4161 835 4169 -
847 4130 875 4200 4)
888 4130 981 4186 αὐτῶν
992 4135 1108 4183 mendose
1119 4132 1182 4182 Gler.
1192 4130 1287 4194 edd.-‚

116 4199 156 4268 ΙΙ)
181 4199 414 4272 μεταμελομένου
436 4200 510 4250 BOD
535 4206 560 4250 et
583 4203 614 4250 al.
639 4218 678 4268 ap.
722 4197 939 4272 5)ἓμβουλῆς1).
970 4201 1081 4250 Subinde
1099 4196 1200 4250 ἑαυτοῦ
1216 4215 1284 4248 men-

114 4269 164 4320 Cot
188 4297 224 4304 -
256 4264 299 4328 13)
327 4263 486 4338 γεγράφθαι
512 4285 559 4319 om.
588 4271 618 4318 D.
646 4297 681 4305 —
723 4269 781 4318 dum
810 4273 848 4318 est
875 4269 902 4318 in
935 4268 1088 4317 editionibus
1120 4266 1218 4317 Clerici.
1251 4294 1285 4303 -

115 4333 155 4403 14)
166 4338 213 4388 καὶ
225 4335 373 4402 scripsimus
387 4351 408 4384 c.
426 4335 514 4396 BGD,
532 4337 607 4386 Hom.
618 4336 635 4386 l.
649 4353 679 4399 οι,
722 4333 749 4402 6)
764 4335 879 4404 πρῶτον
890 4335 920 4386 Ι),
937 4361 972 4371 -
992 4331 1018 4402 7)
1032 4335 1074 4384 Sic
1087 4335 1163 4385 etiam
1175 4336 1247 4385 1301)
1259 4341 1284 4385 et

112 4409 196 4455 nostre
209 4405 291 4472 Epit,
309 4403 343 4454 el.
354 4418 394 4470 sp.
407 4403 461 4455 Cot.
474 4407 499 4453 et
510 4403 585 4454 LXX
605 4400 679 4471 (Gen.
722 4407 810 4468 nostra
820 4403 899 4468 Epit,
913 4397 1048 4468 ὑπέβαλεν
1059 4403 1134 4453 Hom.
1147 4403 1165 4454 l.
1178 4417 1199 4452 c.
