3162 4900
243 304 307 368 312
542 319 571 366 s.
589 313 1112 400 wmsnnnniinnorimcniin.

246 467 284 520 ali
306 465 350 523 uis
375 465 512 535 seriptum
535 461 636 518 tuisse:
662 463 694 518 τὸ
717 471 824 526 νοεῖν,
849 462 891 516 ὅτι
906 466 974 515 cett.
1013 457 1069 512 cn.
1087 478 1114 529 p.
1130 458 1191 526 379,
1205 456 1247 527 17,
1274 478 1301 529 p.
1317 459 1376 528 381,
1394 462 1421 528 2,

242 551 269 604 p.
282 483 341 600 db,
355 534 395 587 13.
1293 593 1300 604 ι

312 600 343 654 Ρ.
353 601 413 668 378,
425 600 443 653 3
455 617 496 669 sq.
509 597 647 653 habemus
660 597 763 664 locum,
776 595 852 666 quod
865 613 919 666 ego
932 595 1052 662 videam,
1064 594 1193 662 pluribus
1205 593 1316 647 mendis
1328 593 1422 663 inqui·

244 675 343 722 natum
355 667 480 720 huncce:
494 665 581 734 Πλήν,
595 665 631 726 ὡς
643 664 744 738 lippari
758 664 879 733 πονηρὸς
890 671 945 732 εἴγε
957 661 1071 733 γενητὸς
1083 665 1167 724 ἐστιν,
1184 659 1199 730 ἢ
1210 661 1247 722 ῶς
1260 665 1330 725 ζῶον
1339 667 1420 734 γεγέ-

245 758 332 803 νηται,
346 733 362 802 ἣ
375 733 519 794 οὐσιωδῶς
537 733 582 789 ὑπ’
597 733 685 788 αὐτοῦ
696 736 887 816 προβέβληται,
900 730 917 799 ἢ
930 732 980 792 ἔξω
992 737 1133 802 κέκραται,
1152 727 1169 800 ἢ
1186 731 1220 802 τῇ
1236 727 1330 800 κράσει
1346 747 1422 801 συμ-

242 811 354 874 βέβηκεν
366 803 453 857 αῦτοῦ
465 801 481 868 ἡ
495 807 664 876 προαίρεσις,
678 798 695 868 ἢ
706 799 772 855 ἄνευ
783 817 904 871 κρασεως
915 802 961 854 καὶ
975 802 1046 855 Θεοῦ
1058 799 1158 866 βουλῆς
1172 801 1272 865 συνέβη
1284 801 1421 868 γενέσθαι

243 875 273 932 ἐξ
284 870 335 926 οὐκ
344 869 443 933 ὄντων,
458 867 474 936 ἢ
487 867 544 922 ὑπὸ
560 871 632 926 Θεοῦ
644 871 673 924 ἐκ
685 870 736 922 τοῦ
746 870 823 940 μηδει
847 869 865 934 ἤ
874 868 1011 952 μηδαμῶς
1028 871 1159 936 γέγονεν,
1180 862 1197 931 ἢ
1209 863 1287 926 ἐκτὸς
1299 861 1332 932 ἦν
1345 866 1422 922 Θεοῦ

243 938 259 1008 ἡ
272 937 320 1005 ὕλη
331 937 441 1008 ἄψυχος
452 933 523 990 οὖσα
536 933 552 1004 ἢ
564 937 691 1008 ἔμψυχος
704 933 773 990 ὅθεν
791 889 919 1006 γίγλονεν,
937 957 952 1002 η
971 932 1074 1010 ἑαυτὸν.
1087 933 1227 1010 δημιουργ
1236 929 1307 995 ’σας,
1325 928 1342 998 ἢ
1359 930 1419 1009 {inb

246 1008 318 1062 Θεοῦ
328 1002 463 1075 γεγονώς,
481 1001 498 1069 ἢ
511 1005 567 1058 τῶν
579 1000 652 1070 πρός
663 1009 693 1057 τί
702 1003 787 1064 ἐστιν,
801 1000 818 1070 ἢ
831 1007 885 1056 αἰεὶ
903 999 944 1068 ἦν.
979 999 1017 1052 Et
1033 955 1287 1078 primumlqurdem
1306 997 1421 1052 dubita-

242 1071 339 1134 verim,
352 1087 418 1124 num
430 1069 594 1123 Dresielius
603 1071 669 1140 jure
688 1069 743 1122 sori
766 1069 849 1122 serit:
875 1076 930 1139 elye
950 1065 1076 1139 γενητός,
1098 1066 1228 1120 codicem
1246 1064 1270 1120 Ο
1293 1071 1421 1131 secuturi,

242 1139 448 1211 porrigentem:
467 1134 655 1214 ἢγεγενητός,
673 1153 728 1204 quo
766 1135 836 1188 mihi
848 1135 963 1205 quidem
974 1134 1071 1214 potius
1085 1139 1244 1203 corruptum
1256 1133 1373 1186 videtur
1385 1149 1422 1186 ex

244 1214 268 1264 ei
278 1205 401 1278 γενητός,
435 1221 487 1258 uae
500 1203 608 1256 codicis
621 1201 643 1256 (1
657 1202 799 1271 scriptura
811 1209 863 1256 est.
886 1233 915 1242 -
934 1201 1049 1256 Deinde
1062 1201 1205 1272 ambigere
1222 1201 1305 1266 lieet,
1324 1206 1424 1252 utrum

243 1291 311 1328 vera
324 1274 362 1326 sit
375 1289 407 1326 co
429 1271 482 1325 icis
495 1271 519 1324 0
532 1271 619 1324 lectio
631 1275 806 1342 γεγέννηται,
825 1287 861 1323 οτι
874 1269 981 1323 codicis
995 1267 1017 1322 C
1031 1268 1169 1338 scriptura
1192 1275 1334 1338 ἐγένηται.
1372 1265 1423 1320 Sic

244 1341 331 1395 etiam
352 1339 426 1394 infru
444 1357 470 1409 p.
482 1337 542 1404 378,
561 1338 594 1391 14
606 1343 635 1392 et
651 1355 677 1406 p.
690 1337 780 1402 aiae
810 1337 861 1390 ubi
880 1354 976 1390 rursus
994 1336 1085 1390 codex
1102 1334 1124 1388 C
1140 1291 1228 1390 habet
1247 1341 1422 1414 γεγέννηται,

245 1408 306 1464 cod.
331 1405 355 1460 O
375 1413 531 1479 γεγένηται,
555 1405 631 1476 quod
652 1403 761 1474 recepit
781 1375 944 1458 bresseliue
971 1402 1109 1458 Cotelerii
1133 1407 1247 1457 secutus
1267 1402 1420 1472 judicrum.

244 1476 385 1546 Equidem
397 1491 454 1528 non
466 1473 580 1539 dubito,
598 1472 667 1553 quin
684 1477 828 1544 γεγένηται
847 1488 936 1542 aeque
956 1471 1077 1550 probum
1095 1470 1133 1522 sit
1150 1477 1235 1540 atque
1245 1475 1422 1550 γεγέννηται.

244 1543 322 1596 ΙΙΙιιδ
334 1548 429 1596 autern
441 1558 492 1612 per
505 1557 535 1594 se
548 1540 619 1593 mihi
631 1540 746 1610 quidem
758 1541 893 1593 ma'orem
904 1537 1162 1592 verisimilitudinis
1174 1553 1299 1618 speciem
1311 1537 1422 1590 habere

243 1610 355 1664 videtur
364 1627 447 1680 quarn
458 1608 521 1662 hoc.
535 1609 635 1677 Neque
646 1607 761 1662 omnino
773 1558 828 1661 eiii
839 1612 952 1661 constat
962 1606 1050 1660 codex
1061 1605 1093 1658 Ο.
1110 1605 1234 1672 Etenim,
1248 1621 1421 1676 quamquam

243 1677 329 1732 etiam
341 1696 368 1746 p.
380 1677 439 1739 403,
454 1677 486 1728 16
502 1675 605 1729 habet:
626 1681 801 1754 γεγέννηται,
822 1680 919 1728 tamen
934 1693 961 1744 p.
977 1675 1037 1740 399,
1054 1674 1087 1726 21
1108 1673 1240 1744 porrigit:
1264 1693 1296 1745 γε
1315 1678 1420 1740 ένηται,

243 1745 348 1816 quoda
361 1741 509 1796 Dresselio
522 1741 806 1812 inji*ris,utopinor,
825 1747 963 1796 mutatum
981 1746 1026 1795 est
1042 1741 1072 1793 iu
1106 1748 1256 1812 εγέννηται,
1275 1694 1323 1793 eir.
1337 1756 1360 1792 e.
1375 1757 1418 1810 gr.

242 1831 270 1884 p.
282 1813 324 1878 53,
339 1809 372 1864 14
384 1826 424 1879 sq.
461 1807 598 1863 Similiter
615 1827 672 1864 non
690 1815 752 1862 erat
769 1827 819 1863 cur
831 1809 994 1888 thesselini
1011 1827 1037 1888 p.
1050 1761 1108 1887 diii,
1122 1810 1163 1875 12,
1183 1807 1290 1862 codicis
1308 1804 1331 1860 0
1346 1806 1419 1860 scri-

242 1887 354 1951 pturam
366 1898 462 1948 γεγενη
487 1883 558 1932 ένιυν
577 1875 763 1946 posthaberet
784 1877 891 1930 eodicrs
914 1875 936 1929 O
954 1877 1073 1930 lectioni
1085 1881 1311 1998 ’ζεγεννημένωα
1329 1891 1422 1960 qim!

242 1945 410 2018 praesertim
421 1963 448 2014 p.
513 1981 520 2009 ,
535 1945 566 1996 12
577 1950 698 2013 uterque
716 1943 789 1997 liber
804 1944 945 1997 manusori
966 1950 1013 1997 tus
1027 1958 1093 2013 prae
1116 1949 1176 1996 eat:
1196 1949 1252 1998 τῶν
1269 1941 1314 1996 ὑπ’
1329 1963 1421 1998 autori

242 2010 819 2134 aradatttt.³¹¹¹tttt¹..³⁶¹³ttt
832 2009 1057 2132 933333*
1076 2027 1143 2132 aa
1161 2008 1421 2132 33133Ἧῖ3

242 2098 477 2215 verbisqproxime
490 2095 989 2215 subintrandideretani
1002 2095 1377 2199 midisesiim’esdntenim
1390 2149 1422 2198 ei

243 2213 394 2268 dicendum
407 2219 480 2279 erat,
499 2229 517 2267 a
533 2229 653 2282 quonam
666 2213 760 2266 Malus
777 2219 809 2266 ut
821 2213 926 2267 animal
943 2213 1060 2284 genitus
1073 2219 1163 2280 esset,
1176 2218 1206 2266 et
1219 2212 1428 2266 demonstrant·

242 2281 329 2335 verba
343 2281 389 2334 ὑπ’
401 2282 497 2344 αὐτοῦ,
509 2297 705 2352 praegressam
720 2297 783 2334 esse
796 2297 934 2350 personae
947 2281 1069 2350 alicujus
1082 2279 1262 2334 mentionem.
1297 2277 1421 2332 Scilicet

242 2348 375 2404 addenda
399 2353 465 2402 sunt
485 2348 579 2401 verbis
600 2348 637 2409 ὡς
659 2350 728 2412 ζῶον
739 2354 880 2420 γεγένηται
897 2349 985 2402 verba
1005 2347 1069 2402 ὑπὸ
1085 2349 1132 2401 vel
1151 2346 1218 2402 ἀπὸ
1238 2349 1300 2400 τοῦ
1324 2350 1420 2404 Θεοῦ.

243 2415 420 2471 Confirmant
438 2415 512 2468 hanc
532 2415 704 2469 sententiam
723 2415 810 2469 etiam
822 2431 895 2484 quae
912 2415 1009 2485 paullo
1025 2413 1112 2484 infra,
1133 2433 1158 2469 v.
1172 2415 1205 2468 13
1217 2430 1268 2484 sq,
1280 2414 1422 2498 lepimtur

241 2483 328 2538 verba
347 2485 402 2536 huo
419 2483 595 2552 spectantia:
620 2486 734 2554 apciton
749 2485 803 2556 μὲν
817 2482 869 2562 γὰρ
887 2482 901 2537 ὁ
919 2481 1053 2554 πονηρός,
1072 2489 1096 2537 εἰ
1113 2483 1170 2537 ἀπὸ
1188 2485 1239 2537 τοῦ
1258 2489 1330 2539 Θεου
1348 2485 1421 2545 ζῶον

262 2556 387 2621 εγένηται
400 2555 467 2605 cett.
505 2548 562 2603 Cfr.
584 2549 670 2603 etiam
692 2551 778 2603 verba
795 2548 917 2604 Simonis
952 2567 1023 2618 quae
1047 2549 1166 2619 respicit
1183 2550 1300 2616 Petrus,
1317 2567 1345 2618 p.
1358 2547 1421 2618 374,

241 2572 330 2686 dsqq.
344 2623 411 2686 etp.
424 2618 482 2686 398,
497 2615 530 2669 14
546 2616 647 2686 posita.
664 2648 698 2656 —-
719 2617 807 2671 Porro
828 2591 981 2688 legendum
999 2633 1117 2670 censeo:
1141 2623 1195 2672 καὶ
1211 2619 1262 2676 ἔξω
1279 2621 1419 2690 κέκραται,

241 2690 299 2741 καὶ
311 2686 344 2760 τῇ
354 2683 447 2758 κράσει
463 2690 632 2756 συμβέβηκεν
643 2684 730 2739 αὐτοῦ
746 2684 761 2753 ἡ
779 2693 948 2758 προαίρεσις.
974 2683 1030 2738 Cfr.
1043 2704 1070 2754 p.
1082 2682 1142 2752 374,
1154 2684 1178 2751 7,
1191 2684 1250 2752 382,
1264 2686 1277 2736 1
1292 2701 1343 2753 sq,
1356 2684 1418 2754 403,

241 2752 274 2805 11
282 2768 343 2821 sqq.
355 2782 389 2790 —
401 2751 447 2804 Ad
459 2752 559 2805 verba:
573 2755 602 2806 ἐκ
615 2755 666 2806 τοῦ
675 2754 792 2827 μηδαμῆ
802 2755 938 2827 μηδαμῶς
951 2752 1051 2817 (ὄντος)
1068 2758 1193 2831 γέγονεν,
1205 2767 1278 2821 quae
1291 2751 1421 2822 genuina

243 2823 318 2886 sunt,
340 2818 392 2871 sed
412 2818 496 2872 aliter
512 2818 652 2887 capienda
670 2836 754 2888 quam
775 2826 895 2888 accepta
915 2825 982 2873 sunt
1005 2819 1041 2874 ab
1065 2825 1236 2888 interprete,
1262 2818 1303 2872 sic
1327 2818 1420 2873 latina

240 2883 380 2962 faciente:
402 2902 440 2950 „a
459 2885 524 2964 Deo
544 2885 758 2963 nuliotpenitus
779 2887 862 2939 modo
883 2886 978 2940 factus
1000 2889 1070 2951 est“,
1093 2886 1312 2950 conferendum,
1360 2886 1421 2940 uod

240 2949 431 3033 Phrloponus,
449 2951 615 3004 Aristotehs
627 2957 781 3019 interpres,
800 2957 832 3004 ut
850 2953 879 3005 in
898 2953 984 3007 Thes.
997 2953 1131 3024 Stephan.
1145 2954 1188 3008 ed.
1199 2953 1289 3007 Paris.
1301 2903 1367 3007 vd.
1381 2953 1419 3023 V,

240 3033 268 3102 p.
281 3016 358 3095 2334,
376 3034 396 3069 s.
415 3035 441 3069 v.
473 3019 610 3090 Οὐδαμῶς
626 3017 793 3071 adnotatum
809 3019 935 3089 reperio,
955 3021 1031 3075 inter
1053 3022 1205 3084 ὑποθέσεις
1228 3021 1302 3074 hanc
1319 3021 1418 3090 ponit:

245 3090 286 3136 Εκ
299 3102 349 3134 του
360 3085 478 3167 μηδαμῇ
487 3086 625 3164 μηδαμῶς
637 3083 719 3167 ὄντος
729 3088 819 3166 μηδὲν
831 3095 967 3166 γίνεσθαι.
980 3120 1013 3129 -
1025 3087 1159 3158 Denique
1172 3107 1253 3142 corru
1276 3097 1304 3142 ta
1316 3089 1419 3142 viden-

241 3154 287 3200 tur
298 3149 399 3202 verba:
414 3171 469 3204 uno
485 3158 556 3206 Θεου
568 3171 696 3220 γεγονως,
710 3151 745 3205 de
758 3154 860 3222 quibus
873 3155 947 3208 infra
960 3155 1156 3225 disputabitur
1166 3157 1203 3210 ad
1212 3175 1238 3226 p.
1248 3107 1307 3223 4413,
1315 3157 1419 3226 lbsqq.

241 3245 275 3254 —
297 3215 332 3294 V
357 3216 390 3268 12
408 3233 449 3286 sq.
472 3215 620 3270 Dresselio
644 3218 809 3288 recipienda
833 3227 894 3275 erat
919 3223 1025 3276 codicis
1050 3221 1073 3276 Ο
1098 3224 1253 3292 scriptura:
1279 3221 1418 3292 ὑπέσχου.

240 3281 357 3337 Aoiisto
369 3283 412 3336 uti
424 3284 496 3363 'solet
507 3283 554 3363 bic
568 3285 696 3356 scriptor.
714 3287 850 3342 Attamen
863 3287 938 3342 infra
949 3309 976 3359 p.
986 3291 1046 3356 395,
1060 3293 1074 3342 1
1085 3308 1127 3360 sq.
1139 3297 1292 3361 postquam
1302 3291 1418 3360 posuit:

240 3351 315 3404 ὑπέσ
334 3373 377 3415 ου,
401 3357 539 3406 orationis
559 3352 711 3407 variandae
733 3371 835 3409 caussa
856 3355 987 3410 adhibuit
1008 3357 1167 3426 perfectum
1193 3359 1356 3430 ὑπέσχησαι.
1382 3389 1419 3398 -

240 3414 274 3471 V.
287 3371 411 3471 lsinter
430 3425 501 3476 Θεοῦ
519 3424 556 3499 et*
566 3420 757 3501 ζῶονηοιιοίδίτ
775 3422 823 3485 ὡς,
843 3422 892 3476 cfr.
905 3441 931 3478 v.
943 3425 967 3490 3,
986 3442 1013 3493 p.
1026 3426 1085 3493 374,
1098 3427 1122 3491 6,
1135 3425 1195 3492 398,
1210 3427 1249 3479 14
1286 3424 1418 3480 Subinde

241 3484 423 3563 scribendum
436 3490 508 3539 erat:
522 3507 571 3552 της
581 3485 664 3554 αῦτης
677 3491 720 3558 τῷ
738 3488 972 3560 προβάλλοντα
989 3501 1082 3554 κακίας
1100 3493 1237 3564 τυγχάνει,
1250 3497 1283 3544 ut
1295 3491 1418 3562 linguae

239 3565 304 3626 usui
321 3551 484 3604 satisfieret.
519 3550 560 3604 At
575 3551 629 3606 hac
647 3555 821 3610 correctione
833 3556 947 3610 minime
956 3559 1016 3627 jam
1031 3558 1161 3628 perfecta
1173 3559 1230 3613 loci
1243 3560 1416 3614 emendatio.

240 3615 379 3693 Quis-non
399 3618 528 3700 offendat
548 3619 579 3672 iri
596 3635 666 3673 voce
687 3623 795 3683 κακίαςῗ
823 3623 978 3678 Praeterea
990 3625 1126 3695 displicet
1137 3625 1321 3697 participium
1332 3643 1417 3696 prae-

240 3687 329 3733 sentis
351 3690 523 3752 τιροβαλλων,
549 3687 737 3753 exspectabas
764 3689 862 3742 aoristi
886 3691 1076 3760 participium.
1114 3693 1248 3748 Genuina
1271 3693 1418 3763 scriptura

240 3752 333 3824 exstat
345 3750 418 3814 loeo,
432 3751 479 3818 qui
492 3757 535 3804 est
546 3770 573 3820 p.
585 3753 644 3820 399,
657 3754 681 3820 2,
698 3754 735 3806 ad
746 3754 835 3822 hune,
849 3756 884 3808 de
898 3775 954 3826 quo
969 3759 1093 3829 agimus,
1106 3761 1265 3826 referendo,
1278 3761 1329 3814 ubi
1341 3760 1417 3816 haec

238 3817 528 3898 repemunturrerba:
547 3848 581 3857 —
600 3817 615 3901 δ
633 3819 810 3904 πονηρός,ἐῐ
823 3823 880 3909 3πρ
898 3828 950 3879 τοῦ
969 3831 1040 3883 Θεοῦ
1055 3833 1230 3908 γεγέννηται,
1250 3827 1418 3892 ἀκολούθως

299 3889 937 4024 sierir..iiiitricennaria
944 3892 1333 4034 1331313331,
1345 3979 1416 4032 q...

258 4025 293 4060 ue
310 4013 507 4092 1¹¹⁰{511bffi95t
527 4018 847 4099 oiy‘adoiicinserendum
866 4039 928 4077 esse
947 4028 1106 4082 censentis:
1129 4049 1158 4083 τε
1174 4036 1219 4084 καὶ
1235 4028 1342 4090 κακούς.
1368 4030 1416 4100 (Ιτι

267 4079 519 4154 tesseliieditione
537 4085 728 4138 adnotationis
747 4105 860 4158 signum
877 4094 914 4144 ad
935 4095 1106 4148 vocabulum
1118 4093 1252 4167 ἀγαθούς,
1274 4095 1352 4165 quod
1369 4101 1416 4150 est

238 4151 264 4188 V·
277 4137 301 4200 i,
319 4150 464 4205 pertinens
479 4165 627 4217 perperam
639 4151 677 4234 ad
689 4171 713 4206 v.
730 4154 755 4220 2,
771 4154 913 4234 ιιδιίιίδοιο
930 4161 1102 4215 vocabulum
1114 4163 1231 4234 legitur,
1248 4163 1415 4246 appositum

239 4206 301 4260 0⁸0·
336 4205 488 4264 Praeterea
499 4232 551 4280 pro
565 4223 772 4284 προβαλλοντοις
783 4222 963 4278 scribendum
975 4227 1104 4282 videtur:
1120 4233 1247 4301 προβαλ
1255 4251 1269 4282 ο
1277 4249 1367 4294 ντος,
1381 4236 1416 4284 ut
1434 4275 1439 4286 .

238 4263 285 4314 ‘²2
298 4271 327 4317 ei
338 4273 435 4334 paullo
448 4293 535 4344 supra
545 4297 571 4348 p.
579 4283 676 4350 373,16
689 4287 758 4340 etl?
763 4288 888 4355 positum
898 4296 943 4344 est
955 4300 1006 4348 aut
1017 4295 1118 4357 aoristi
1130 4302 1181 4352 aut
1190 4295 1314 4367 perfecti
1325 4297 1415 4368 parti-
