3126 4894
554 1449 972 1548 PRAEFATIO

474 1686 724 1748 l'RlDERICI
752 1689 1039 1750 Winsnnnnl.

680 1893 834 1902 --—.—-

177 2058 180 2064 ·
257 2025 399 2084 Albertus
414 2025 582 2084 Dresselius
597 2047 688 2106 quum
708 2029 738 2085 in
754 2049 788 2087 eo
805 2039 881 2087 esset
896 2035 929 2086 ut
945 2028 1107 2089 Clementis
1116 2029 1253 2102 Romani,
1269 2051 1346 2110 quae

169 2129 314 2201 feruntur,
330 2127 476 2186 Homilias
491 2126 600 2202 ederet,
617 2130 747 2188 sentiens
757 2131 806 2190 vel
817 2139 884 2209 post
895 2131 988 2209 ipsius
1000 2151 1084 2189 curas
1096 2131 1238 2207 plurimos
1248 2133 1345 2192 inesse

167 2231 263 2304 locos,
284 2230 334 2308 qui
357 2250 416 2290 non
436 2237 534 2288 essent
548 2233 712 2308 persanati,
731 2240 849 2310 gratum
869 2232 923 2290 sibi
944 2233 1007 2292 fore
1022 2233 1094 2291 mihi
1114 2233 1304 2309 significavit,
1320 2235 1344 2293 si

169 2353 225 2411 ego
240 2331 369 2390 laborem
384 2332 570 2409 susciperem,
586 2353 673 2411 quem
684 2333 747 2411 ipse
761 2341 882 2410 propter
898 2354 1023 2406 caussas,
1039 2334 1076 2392 de
1092 2333 1200 2412 quibus
1214 2336 1246 2392 in
1260 2355 1344 2413 prae-

171 2435 282 2493 latione
305 2433 385 2492 illius
411 2435 508 2512 operis
533 2434 682 2512 exposuit,
710 2435 866 2492 exanclare
888 2455 948 2493 non
967 2436 1119 2514 potuisset.
1161 2435 1268 2514 Neque
1289 2457 1344 2513 ego

170 2536 273 2595 deesse
291 2535 374 2594 volui
398 2536 462 2595 viro
483 2536 607 2615 optimo,
633 2535 702 2594 olim
726 2533 926 2614 condiscipulo
946 2557 1020 2596 meo.
1060 2535 1229 2614 Conscripsi
1253 2538 1345 2616 igitur

169 2639 276 2696 scriem
296 2637 520 2696 adnotationum
541 2638 708 2695 criticarum
729 2637 760 2694 in
779 2637 937 2710 Homilias,
957 2658 1034 2716 quae
1053 2638 1141 2697 simul
1156 2639 1342 2698 cumbarum

169 2739 298 2800 editione
313 2760 332 2797 a
346 2739 495 2798 Dresselio
517 2747 619 2816 curata
637 2737 782 2798 ederetur.
826 2738 915 2798 Unde
934 2740 1110 2798 factumest
1131 2747 1165 2798 ut
1184 2761 1239 2819 ego
1260 2743 1291 2798 in
1307 2761 1343 2799 ea

169 2842 366 2900 Homiliarum¹
381 2848 477 2920 parte,
493 2861 571 2919 qnae
582 2861 624 2899 ex
639 2840 740 2900 codiee
757 2839 956 2900 Ottoboniano
972 2862 1052 2900 nova
1067 2842 1202 2914 accessit,
1218 2862 1342 2920 apoagr-

170 2943 263 3022 phum
285 2963 376 3002 manu
401 2942 543 3002 Dresselii
571 2941 620 3001 vel
643 2943 742 3021 potius
767 2943 955 3003 amanuensis
974 2943 1118 3003 Dresselii
1138 2944 1281 3024 scriptum
1300 2979 1342 2985 —
1400 2953 1407 2964 ·

169 3044 248 3123 quod
268 3044 368 3104 adme
388 3045 591 3104 transmissum
606 3052 681 3118 erat,
701 3053 735 3103 ut
754 3046 837 3124 typis
852 3047 1078 3124 exprimendum
1093 3066 1234 3116 curarem,
1251 3053 1342 3126 atque
1365 3049 1368 3060 '

169 3147 338 3205 etiamnunc
364 3166 455 3225 penes
484 3165 532 3204 me
558 3154 739 3219 asservatur,
767 3147 810 3206 ita
832 3155 865 3206 ut
895 3149 925 3207 in
948 3149 1005 3208 hac
1036 3149 1194 3226 scriptione
1216 3169 1254 3207 ex
1276 3148 1341 3226 ipso

168 3248 269 3326 aliqua
283 3246 393 3308 addere
417 3247 466 3307 vel
489 3249 597 3306 certius
620 3245 745 3306 definire
769 3249 917 3325 potuerim
938 3282 980 3290 —-
999 3249 1148 3307 nonnullis
1171 3250 1242 3308 locis
1257 3251 1342 3307 corri-

166 3369 268 3427 gerem
288 3370 348 3408 non
374 3349 474 3409 statim
497 3349 609 3408 monito
637 3349 754 3408 lectore.
792 3349 835 3407 At
855 3350 933 3408 enim
952 3357 1070 3428 praeter
1089 3351 1341 3427 exspectationem

167 3449 356 3529 prohibebar,
378 3451 534 3529 quominus
551 3452 616 3528 jam
641 3457 704 3508 tum
726 3449 836 3528 publici
853 3450 930 3526 juris
955 3451 1084 3508 facerem
1114 3469 1191 3528 quae
1220 3449 1341 3508 adnota-

167 3573 277 3611 veram.
321 3551 410 3611 Anno
437 3551 673 3612 MDCOOLVII
703 3550 821 3610 demum
855 3553 885 3610 in
917 3558 1136 3630 programmate
1171 3549 1342 3610 academiae

166 3661 283 3713 nostrae
306 3652 453 3732 Georgica
475 3653 633 3733 Augustae
654 3653 742 3713 edere
765 3653 836 3712 mihi
861 3653 947 3712 licuit
970 3653 1243 3726 „Exercitationum
1266 3654 1342 3712 criti·

167 3766 267 3822 carm
281 3756 312 3814 in
329 3754 493 3815 Clementis
507 3756 634 3816 Romani
649 3775 726 3835 quae
741 3755 877 3815 femmtur
897 3756 1064 3815 Homilias“
1078 3763 1193 3836 partem
1207 3757 1340 3835 primam.

166 3857 256 3916 Nunc
280 3858 448 3918 Dressclins
471 3858 616 3932 hortatus,
646 3866 681 3916 ut
702 3857 921 3916 observationes
942 3878 1023 3917 meas
1048 3858 1178 3935 integras
1201 3867 1341 3936 tanquam

167 3958 354 4020 corollarium
374 3959 513 4020 adderem
532 3960 679 4038 Epitomis
699 3958 736 4017 ab
755 3959 819 4036 ipso
836 3957 935 4033 editis,
959 3979 993 4017 eo
1016 3959 1131 4017 facilins
1154 3979 1173 4017 a
1187 3979 1233 4016 me
1248 3959 1338 4035 impo-

166 4063 267 4135 travit‚
282 4069 316 4121 ut
335 4062 391 4140 ipsi
406 4083 516 4121 morem
531 4080 676 4139 gererem,
699 4059 779 4138 quod
795 4060 898 4118 inillis
914 4062 1003 4118 etiam
1017 4058 1162 4118 habebam
1178 4058 1336 4136 disputata,

166 4184 241 4243 quae
260 4163 299 4222 ad
317 4163 523 4242 Epitomarum
545 4169 660 4223 textum
686 4159 902 4220 emendandum
924 4161 1114 4239 pertinerent.
1152 4157 1339 4239 Quamquam

166 4287 224 4325 non
246 4285 295 4324 me
318 4266 409 4343 fugit,
432 4286 520 4345 qnam
543 4264 661 4324 difficile
684 4263 736 4335 sit,
759 4263 789 4320 in
812 4261 868 4319 hoc
890 4270 1063 4340 argumento
1088 4261 1246 4321 elaborare.
1284 4263 1340 4321 Est

167 4369 244 4427 enim
260 4368 458 4428 Homiliarum
474 4375 586 4439 textus,
608 4386 697 4446 quem
719 4371 841 4435 vocant,
865 4365 984 4444 saepius
1006 4373 1035 4425 et
1054 4365 1173 4444 gravius
1187 4373 1340 4442 corruptus
