3114 4896
597 329 751 380 spuens
768 329 880 381 aaron.
1301 309 1322 376 9

146 480 228 544 liora,
242 495 260 532 a
271 477 449 548 temporariis
461 477 498 532 ad
510 483 627 534 aeterna
639 483 669 532 et
685 478 834 550 agnoscite
852 477 959 544 Deum,
980 477 1029 548 qui
1046 477 1076 532 in
1091 477 1182 532 tribus
1194 477 1323 547 personis

146 565 221 601 nnus
235 552 289 612 est,
303 545 384 599 cuius
396 545 530 600 mundum
544 546 648 600 iniuste
666 545 792 600 incolitis
808 552 875 600 ante
892 546 982 600 iustos
1000 546 1060 600 eius
1078 547 1182 600 oculos.
1217 545 1321 599 Verum

147 615 173 668 si
191 614 397 668 convertamini
416 620 444 668 et
462 614 616 668 seeundum
632 615 808 669 voluntatem
825 613 902 667 illius
918 613 1037 678 vivatis,
1056 613 1084 666 in
1101 613 1180 667 aliud
1197 613 1322 666 seculum

147 682 257 736 sublati
273 683 438 752 aeternique
455 681 556 736 effecti
570 681 766 736 ineffabilibus
789 681 849 735 eius
867 681 950 735 bonis
971 679 1166 751 perfruemini3
1193 680 1237 732 sin
1257 697 1323 734 vero

146 767 254 804 morem
271 767 328 803 non
345 750 509 822 gesseritis,
530 757 679 820 postquam
697 767 731 802 ex
748 750 802 804 hac
819 750 879 803 vita
895 749 1070 830 migrabitis,
1091 749 1120 802 in
1138 750 1229 803 locum
1247 747 1323 818 ignis

147 816 352 884 coniiciemini,
365 817 414 872 ubi
426 823 571 872 aeternum
583 817 677 888 puniti
688 818 794 872 frustra
806 817 947 872 ducemini
959 817 1143 888 poenitentia..
1175 817 1245 870 Nam
1259 832 1323 885 poe·

145 885 289 940 nitentiae
305 891 417 956 tempus
430 885 460 938 in
470 886 615 956 praesenti
631 885 853 956 uniuscuiusque
871 886 931 938 vita
944 885 1103 940 corrsistit.“
1138 886 1218 940 Ilaec
1237 883 1325 954 igitur

146 953 198 1007 ille
212 952 292 1006 dixit.
328 953 391 1024 Ego
408 970 474 1008 vero
491 971 552 1007 cum
570 953 728 1020 audissem,
746 971 831 1024 aegre
847 953 985 1020 ferebam,
1026 954 1081 1007 uod
1098 971 1180 1007 nemo
1196 970 1229 1006 ex
1243 957 1324 1005 tanta

147 1021 333 1075 multitudine
346 1021 445 1075 audita
461 1027 519 1074 tam
536 1039 640 1094 magna
657 1021 839 1076 nunciatione
858 1021 991 1075 dixisset:
1007 971 1044 1074 in
1061 1021 1195 1074 iudaeam
1212 1018 1323 1090 profici·

148 1107 221 1155 soar,
234 1095 268 1142 ut
279 1089 392 1142 videam
405 1107 441 1143 an
453 1089 508 1142 iste
525 1107 592 1143 vera
604 1089 736 1159 loquatur
748 1090 813 1143 dum
826 1090 879 1156 ait,
898 1089 952 1143 Dei
967 1089 1055 1142 filium
1069 1089 1220 1143 advenisse
1237 1088 1266 1141 in
1278 1087 1323 1140 lu·
1406 1145 1412 1154 ,

148 1157 249 1212 daeam
267 1163 382 1226 propter
399 1157 598 1238 sempiternam
616 1175 649 1212 ac
666 1157 769 1211 bonam
787 1175 879 1238 spem,
896 1157 944 1278 gui
961 1157 1050 1227 patris
1063 1176 1080 1211 a
1093 1175 1147 1228 quo
1164 1157 1267 1210 missus
1280 1161 1324 1210 est

148 1225 328 1279 voluntatem
341 1232 504 1292 annunciet,
517 1225 745 1294 quandoquidem
759 1232 787 1279 et
799 1226 830 1279 id
842 1243 896 1295 quo
928 1225 1007 1279 aiunt
1020 1243 1083 1280 eum
1095 1225 1258 1295 praedicare
1268 1241 1323 1277 non

148 1299 194 1346 est
208 1293 348 1365 exiguum.
385 1293 565 1356 Quorundam
578 1293 653 1347 enim
665 1293 774 1346 animas
786 1293 909 1347 affirmat
921 1299 1020 1362 utpote
1033 1293 1205 1346 immortales
1216 1292 1324 1344 immor·

146 1361 257 1414 talibus
270 1360 357 1414 etiam
369 1378 403 1415 ac
416 1361 540 1416 aeternis
551 1361 633 1415 bonis
651 1360 799 1428 fluituras,
818 1362 990 1431 quorundam
1007 1378 1072 1415 vero
1089 1361 1118 1414 in
1134 1360 1230 1433 ignem
1248 1361 1324 1412 inex-

149 1429 287 1482 stinctum
300 1428 441 1498 proiectas
454 1435 599 1483 aeternum
612 1429 778 1499 puniendas.

218 1496 299 1550 VIII.
330 1495 400 1550 Cum
413 1497 454 1552 ita
467 1515 536 1568 erga
548 1504 658 1551 ceteros
670 1497 795 1552 affectus
808 1514 908 1562 essem,
921 1496 992 1550 haec
1005 1513 1115 1576 quoque
1129 1495 1166 1550 ad
1178 1513 1222 1550 me
1232 1496 1323 1566 ipsum

147 1563 294 1618 dicebam:
313 1565 405 1628 Quare
423 1582 489 1620 vero
507 1565 579 1619 alios
597 1565 709 1632 incuso,
729 1565 777 1635 qni
795 1565 824 1618 in
845 1564 944 1618 eodem
957 1581 1020 1617 cum
1033 1564 1091 1616 illrs
1105 1563 1220 1618 crimine
1233 1563 1324 1634 negli-

150 1631 269 1704 gentiae
287 1649 396 1699 versor,
417 1650 470 1686 nec
492 1633 640 1703 dispositis
661 1634 738 1704 prius
759 1632 843 1686 rebus
864 1631 935 1685 meis
953 1631 982 1684 in
1000 1631 1134 1685 Iudaeam
1151 1632 1224 1685 vado
1240 1630 1324 1684 testis

148 1717 246 1754 eornm
260 1700 383 1753 omnium
395 1700 506 1754 futinus
519 1700 601 1770 ipse?
625 1701 726 1782 Itaque
740 1700 806 1754 dum
818 1701 871 1754 hoc
885 1698 1033 1753 consilium
1046 1699 1193 1771 agitarem,
1206 1699 1325 1752 multum

149 1767 267 1821 interim
278 1767 414 1836 temporis
431 1769 577 1823 terebatur
593 1769 718 1850 negotiis
735 1769 818 1822 huius
836 1767 925 1822 seculi
937 1767 1032 1821 moad
1043 1784 1073 1822 se
1085 1765 1325 1838 pertrahentibus,

148 1852 204 1890 nec
222 1835 337 1889 valente
355 1852 399 1889 me
415 1838 452 1891 ab
469 1837 505 1889 iis
523 1837 657 1907 expediri
693 1836 750 1891 Sed
765 1836 881 1890 tandem
899 1853 962 1890 cum
982 1835 1070 1890 vitam
1091 1835 1325 1900 considerassem,

149 1921 235 1974 quam
248 1902 394 1956 instabilis
407 1905 491 1958 sitae
504 1903 673 1975 inaequalis,
683 1923 746 1959 cum
767 1922 801 1958 ue
814 1904 879 1958 dein
889 1920 970 1958 omne
982 1904 1165 1984 praeteritum
1175 1909 1286 1973 tempus
1296 1901 1325 1955 in

149 1970 314 2024 memoriam
325 1988 513 2038 revocassem,
527 1989 581 2041 quo
594 1974 676 2027 modo
690 1923 910 2026 subliiandiente
923 1971 991 2024 mihi
1003 1988 1113 2042 semper
1122 1989 1171 2042 spe
1181 1971 1325 2040 hucusque

147 2039 382 2109 permansissem,
404 2039 535 2110 quodque
557 2040 598 2096 sic
620 2058 715 2095 omnes
735 2041 864 2094 homines
885 2040 1017 2110 occupati
1039 2040 1201 2106 moriamur,
1223 2044 1326 2093 cuncta

147 2123 213 2160 mea
233 2111 317 2176 prout
335 2115 415 2161 erant
431 2109 596 2177 relinquens
620 2109 770 2162 confestim
792 2108 829 2162 ad
851 2125 927 2162 mare
966 2107 1095 2178 roperavi
1116 2107 1195 2162 etin
1215 2112 1325 2177 portum

146 2173 269 2228 veniens
281 2180 367 2243 atque
384 2175 536 2230 subvectus
549 2177 643 2230 ventis
656 2176 873 2231 adversantibus
886 2193 935 2246 pro
946 2127 1062 2241 iudaea,
1075 2175 1208 2245 adquam
1222 2173 1325 2228 deferri

147 2241 313 2312 cupiebam,
334 2241 537 2298 Alexandriam
557 2245 662 2314 appuli.
697 2244 743 2298 Ibi
764 2251 859 2298 autem
883 2244 920 2297 ad
940 2242 1125 2314 philosophos
1149 2243 1326 2297 ventitabant

148 2311 309 2382 (ventorum
322 2311 426 2382 quippe
439 2311 482 2365 vis
495 2311 587 2366 adhuc
600 2312 812 2384 navigationem
825 2311 985 2382 inhibebat)
1002 2311 1206 2381 petebamque,
1225 2317 1257 2364 ut
1270 2310 1326 2363 sin-

147 2377 218 2450 gula
231 2378 307 2432 clare
321 2385 483 2434 enarrarent
501 2379 535 2433 de
549 2396 582 2433 co
594 2397 718 2446 rumore,
736 2397 819 2450 quem
834 2379 859 2432 is
891 2379 919 2432 ui
932 2380 1037 2432 Romae
1051 2385 1220 2449 conspectus
1233 2378 1325 2430 firerat

147 2445 354 2500 annunciasset
371 2463 405 2501 ac
422 2464 560 2516 quaenam
577 2447 627 2501 ille
648 2448 834 2519 divulgasset.
898 2453 911 2500 t
931 2447 976 2498 illi
996 2446 1215 2514 responderunt:
1244 2444 1325 2498 Talis

147 2513 291 2635 3¹15⁸piflm
302 2513 409 2569 Romae
422 2515 500 2568 visus
517 2515 617 2581 fuerit,
634 2515 719 2585 plane
736 2514 893 2582 nescimus,
912 2514 947 2567 de
964 2531 998 2568 eo
1010 2519 1105 2566 autem
1118 2513 1165 2582 qui
1178 2513 1208 2566 in
1219 2512 1327 2565 Iudaea

169 2588 232 2652 egit
245 2587 275 2634 et
287 2579 363 2636 filius
376 2582 433 2636 Dei
451 2599 514 2636 esse
531 2600 548 2637 a
566 2582 642 2636 fama
657 2582 838 2652 praedicatur
855 2581 1013 2636 andivimus
1030 2599 1048 2634 a
1063 2581 1161 2633 multis
1180 2580 1228 2650 qui
1245 2579 1326 2632 illinc

147 2654 302 2769 vsplpplmnt,
320 2656 349 2702 et
361 2650 554 2704 intelleximus
568 2650 602 2704 de
615 2649 793 2704 mirabilibus
807 2649 951 2714 onmibus,
969 2665 1042 2718 quae
1061 2648 1121 2702 solo
1138 2647 1224 2702 etiam
1240 2645 1327 2701 verbo

151 2734 167 2772 e
224 2717 254 2770 't

220 2783 271 2837 IX.
307 2784 345 2837 Et
366 2802 430 2839 cum
452 2784 588 2852 dicerem,
610 2802 713 2856 cupere
731 2803 775 2839 me
793 2785 823 2838 in
839 2784 1010 2854 colloquium
1029 2782 1125 2838 venire
1146 2801 1210 2838 cum
1231 2783 1327 2853 aliquo

148 2869 247 2906 eornm
265 2852 314 2921 qui
331 2853 411 2906 illum
427 2853 582 2918 vidissent,
600 2859 685 2973 atglue
700 2853 734 2907 de
748 2871 781 2908 eo
793 2853 891 2907 andire
904 2869 1087 2923 quaecunque
1101 2851 1172 2907 seire
1186 2869 1326 2923 cuperem,

150 2919 330 2990 excipientes
343 2919 387 2973 illi
405 2920 550 2975 dixerunt:
569 2920 623 2974 Est
659 2923 685 2975 ie
703 2921 817 2991 quidam
830 2921 878 2992 qui
892 2939 949 2974 non
962 2921 1051 2976 solum
1063 2920 1136 2975 vidit
1148 2938 1221 2987 eum,
1235 2920 1328 2974 sedet

149 3005 186 3041 ex
199 3003 234 3041 ea
245 2987 363 3059 regione
378 2988 512 3042 oriundus
525 2995 584 3055 est,
602 2989 645 3041 vir
657 2989 775 3042 eximius
788 2989 900 3043 nomine
913 2988 1070 3056 Barnabas,
1102 2990 1131 3042 ui
1145 3006 1174 3043 se
1188 2989 1274 3043 etiam
1287 2988 1329 3042 ait

147 3073 238 3108 unum
251 3072 314 3109 esse
332 3071 367 3108 ex
383 3055 532 3126 discipulis
550 3056 628 3110 illius
643 3056 731 3110 ethic
748 3057 855 3111 alicubi
869 3058 980 3124 sedens,
1012 3075 1064 3112 uae
1077 3074 1094 3110 a
1126 3057 1177 3111 illo
1189 3056 1328 3127 promissa

150 3129 219 3176 sunt
230 3123 332 3177 talium
345 3122 455 3204 dignis,
473 3123 500 3177 ei
513 3124 561 3194 qui
577 3124 649 3178 velit
665 3131 761 3180 narrat
778 3126 859 3180 ultro.
895 3126 933 3179 Et
945 3074 1059 3195 quidem
1076 3125 1113 3179 ad
1125 3126 1217 3180 locum
1230 3125 1259 3178 in
1272 3141 1326 3194 quo

148 3191 194 3244 vir
210 3190 310 3245 sedere
329 3192 430 3246 sol1tus
449 3198 510 3246 erat
522 3193 588 3247 veni
605 3198 690 3264 atque
704 3193 765 3263 ipse
779 3210 889 3264 quoque
901 3211 966 3263 pars
980 3194 1022 3247 fui
1034 3193 1244 3248 circumstantis
1256 3192 1327 3246 mul-

146 3258 284 3313 titudinis
297 3261 420 3330 stetique
433 3259 567 3328 audiens,
589 3279 661 3332 quae
679 3261 809 3327 dicebat,
831 3278 865 3315 ac
883 3261 1013 3314 intellexi
1028 3279 1095 3315 vera
1112 3277 1175 3314 eum
1192 3279 1249 3314 non
1268 3260 1327 3314 dia-

146 3445 195 3516 11)
205 3447 341 3502 crescet
356 3454 457 3502 nostrae
468 3451 588 3517 Epilod.
602 3453 632 3514 0,
667 3451 717 3501 uod
760 3451 850 3511 Turn,
873 3449 941 3511 (lot,
968 3448 1033 3497 Cler.
1055 3445 1088 3516 (a.
1105 3443 1192 3515 1698),
1213 3441 1327 3499 Πόντον

146 3535 200 3569 non
218 3518 343 3585 displicet.
380 3517 492 3568 Subinde
509 3519 534 3570 sl
551 3513 639 3578 οῧιως
652 3520 717 3584 alp·
765 3516 874 3567 eiusdem
887 3516 959 3566 eda.
974 3510 1047 3564 1724.
1072 3516 1177 3564 Portum
1188 3516 1327 3564 Romanum

148 3581 245 3638 θεύων
257 3587 329 3653 λέγει
346 3587 381 3650 Α,
398 3586 459 3636 inB
476 3586 544 3650 vulg.
560 3587 610 3637 nisi
631 3583 718 3644 οὕτως
760 3585 816 3636 heic
833 3583 1026 3649 intelligendum
1044 3583 1155 3634 Clericus
1172 3582 1272 3649 quidem
1285 3598 1326 3631 su-

149 3670 216 3702 corr.
228 3653 256 3703 in
270 3648 456 3720 ciros-12)
470 3652 521 3704 τοῦ
533 3669 580 3704 om.
592 3656 676 3706 acl).
685 3681 720 3689 -
762 3654 872 3720 spicatus
885 3657 936 3716 cst,
949 3652 992 3702 sed
1004 3653 1085 3703 textui
1097 3651 1266 3702 coniecturam
1276 3666 1327 3700 non

148 3717 185 3770 13
210 3716 281 3789 ὅπερ
291 3717 719 3789 αὐτοὶλέγουσικηρὺσσεινΑ.-
762 3721 872 3772 donavit.
907 3721 1054 3772 Lectionern
1075 3719 1225 3788 postliminii
1242 3719 1329 3768 iurea

149 3783 186 3838 14
219 3783 267 3846 τὰς
284 3804 332 3838 om.
347 3790 379 3839 D.
403 3816 438 3824 -
460 3784 505 3854 15)
521 3793 627 3848 alovfa'e
642 3792 673 3840 D.
686 3817 720 3826 -—
762 3789 835 3839 nobis
849 3789 991 3840 restitutam
1009 3789 1068 3839 (lod.
1086 3789 1162 3838 Hom.
1175 3788 1329 3838 0ttob,oum

148 3853 185 3905 16
218 3856 258 3914 εἰς
273 3854 374 3914 αἰῶνας
389 3849 554 3917 κολάζεσθαι
574 3859 674 3910 ABOD
694 3862 719 3907 et
760 3862 973 3921 utroquenostrae
985 3858 1114 3923 Epitomes
1125 3855 1260 3922 exemplari
1269 3870 1328 3904 con·

153 3923 187 3973 al.
200 3940 240 3989 ap.
257 3923 311 3973 (lot.
709 3949 711 3956 ·
760 3924 849 3975 firmat.
869 3925 940 3976 Oonf.
958 3924 1024 3974 infra
1045 3940 1065 3975 o.
1084 3918 1118 3974 78
1139 3929 1164 3973 et
1179 3922 1327 3986 Martyrium

221 3991 258 4040 Ca
277 3991 368 4042 ‚vua
386 3987 414 4058 1)
426 3985 649 4057 salona-2)
660 3993 719 4047 τοῖς
761 3993 774 4042 I
809 3992 856 4042 atii
877 4009 897 4043 c.
919 3991 942 4041 6.
963 4019 998 4028 —
1018 3987 1046 4059 7)
1066 3987 1225 4055 ἀνενεχθεὶς
1245 3989 1272 4038 G.
1294 4015 1328 4024 -

149 4007 284 4116 ἅλλοιςὲ.
300 4085 335 4094 -—
356 4054 385 4126 3)
408 4053 598 4110 ἔπισπώντων
613 4060 642 4106 Β.
659 4059 718 4106 Mox
761 4056 778 4108 8
803 4055 835 4110 τὰ
848 4060 898 4110 des.
910 4061 937 4109 in
954 4062 983 4110 B.
1001 4087 1036 4095 —
1051 4053 1078 4124 9)
1095 4074 1145 4108 κατ
1199 4057 1254 4106 e‘loe
1269 4054 1328 4105 dedi

149 4126 315 4194 γενομένων
327 4129 357 4176 Δ.
377 4153 410 4162 -
426 4121 455 4192 4)
473 4121 530 4196 πρὸ
543 4125 594 4176 τοῦ
606 4125 720 4174 scribunt
762 4143 792 4176 ex
804 4128 831 4188 O,
844 4127 1023 4196 καταγγέλλω
1035 4125 1113 4175 ABD
1125 4140 1157 4172 vu
1168 4138 1192 4185 g.

150 4193 340 4256 anulum,
354 4188 495 4260 eor-5)
510 4193 587 4244 Sicex
599 4195 629 4254 A,
642 4193 717 4242 Hom.
814 4195 873 4262 Gap.
897 4195 943 4245 IX.
992 4189 1018 4259 1)
1043 4187 1107 4258 παρ’
1132 4186 1220 4242 αὐτοῦ
1242 4189 1268 4239 C.
1293 4215 1327 4225 -

148 4256 340 4323 1,8etnostra
357 4261 441 4378 Epit,
462 4255 624 4330 θνήσκωμεν
645 4260 718 4309 Bon
761 4259 777 4310 2
810 4264 897 4328 φησὶν
914 4263 940 4311 0.
962 4287 996 4296 -
1019 4255 1047 4325 3)
1064 4253 1164 4309 ἑαυτὸν
1178 4273 1225 4307 orn.
1244 4257 1271 4307 0.
1292 4284 1326 4292 —
1365 4255 1369 4267 '

150 4344 174 4376 c.
189 4327 260 4406 Jnlg.
277 4353 313 4364 -
331 4324 359 4407 6)
393 4333 419 4378 ta
439 4344 535 4378 summo
553 4343 676 4408 consensu
694 4333 719 4377 et
761 4325 778 4376 4
803 4327 881 4382 ἔστιν
893 4345 940 4378 sor.
953 4330 983 4388 A,
996 4326 1061 4376 idem
1073 4326 1123 4404 fnit
1134 4325 1161 4406 irp
1171 4319 1327 4393 B.-5)so'r

150 4393 253 4460 quidem
289 4395 427 4446 rectissime
456 4395 572 4457 ABOD,
611 4409 719 4446 ποντον
761 4392 850 4462 ἀληθῆ
870 4396 925 4447 BC.
945 4423 980 4431 —
1000 4390 1028 4461 6)
1051 4411 1154 4446 τουτον
1174 4410 1222 4443 om.
1242 4395 1271 4444 B.
1292 4419 1326 4428 -
