3126 4894
581 307 735 358 serrone
754 308 897 358 means.
1261 297 1322 361 231

141 459 223 508 rator
241 452 403 533 rescripsit,
421 459 549 522 oportere
568 471 631 506 eum
649 454 695 532 pel
709 454 869 533 consentire
884 453 1085 522 sacrificando,
1097 467 1147 512 aut
1159 458 1234 514 ultra
1247 476 1324 516 mare

143 529 176 576 et
189 522 314 576 Pontum
328 539 358 574 ιιι
372 519 514 576 desertum
528 519 665 576 Chersonr
677 521 812 578 adiacens
827 522 962 594 oppidum
975 523 1105 594 relegari.

216 655 378 708 CLXXIX.
426 653 552 724 Cumque
576 655 694 710 Traiani
718 655 825 709 iussum
854 655 910 710 fnit
940 655 1150 726 confirmatum,
1174 659 1323 730 cogitabat

143 723 349 788 Mamertinus,
368 739 489 791 quonam
502 723 585 776 modo
598 722 730 778 Clemens
742 724 932 778 voluntarium
945 741 1001 778 nen
1012 731 1124 794 peteret
1135 725 1259 792 exilium,
1273 729 1324 782 sed

142 791 244 871 potius
264 791 321 844 diis
338 789 475 844 libamina
488 790 642 844 exhiberet.
677 790 782 846 Verum
799 791 900 846 beatus
918 790 1050 846 Clemens
1068 793 1274 861 contendebat,
1292 801 1324 850 nt
1415 817 1420 824 ¹

142 877 153 912 1
179 877 238 912 erus
251 875 364 928 quoque
381 857 485 911 iudicis
503 858 626 911 animum
644 858 680 912 ad
697 857 782 912 fidem
804 857 911 914 Christi
924 859 1079 916 adduceret
1097 861 1214 934 ipseque
1229 870 1323 916 osten-

166 933 242 992 eret,
266 942 296 979 se
314 926 421 996 eligere
439 924 555 978 exilium
573 925 665 996 magis
687 943 770 996 quam
793 927 900 980 timere.
938 927 1059 981 Tantam
1082 927 1179 1000 itaque
1222 930 1321 984 retiam

143 993 289 1047 Dominus
302 991 444 1047 Clementi
455 992 596 1062 praebuit,
609 999 640 1046 ut
652 992 838 1046 Mamertinus
871 994 1014 1048 raefectus
1027 995 1140 1066 lugeret
1153 947 1321 1052 audieerat:

143 1063 237 1126 Deus,
250 1077 335 1130 quem
347 1066 380 1113 tn
393 1060 502 1113 sincere
515 1060 597 1126 colis,
611 1061 672 1130 ipse
685 1060 740 1113 tibi
752 1078 835 1131 opem
847 1011 920 1115 Idret
933 1062 962 1115 in
980 1061 1128 1117 hoelexilii
1141 1063 1255 1119 iudicio.
1286 1066 1323 1118 Et

143 1129 300 1184 constituit
312 1144 413 1184 navem
426 1127 593 1196 cunctisque
606 1128 643 1184 ad
655 1145 736 1182 usum
748 1129 918 1184 necessariis
931 1129 1087 1200 impositis,
1101 1131 1217 1186 dimisit.
1248 1133 1322 1197 Quin

144 1196 234 1252 etiam
247 1213 263 1250 e
276 1195 382 1266 populo
394 1194 523 1250 homines
535 1195 665 1268 religiosi
677 1195 792 1268 quidem
807 1197 890 1250 multi
903 1198 995 1252 secuti
1008 1203 1074 1256 sunt
1087 1215 1159 1252 eum.

218 1328 363 1383 CLXXX.
399 1329 458 1384 Ubi
470 1334 565 1383 autem
578 1335 766 1398 pervenerunt
779 1330 816 1384 ad
829 1331 908 1385 exilii
920 1331 1028 1397 locum,
1042 1331 1072 1384 in
1085 1348 1169 1400 opere
1183 1332 1321 1386 caedendi

144 1398 293 1452 marmoris
310 1398 386 1451 ultra
402 1397 458 1451 duo
480 1397 570 1450 millia
588 1396 766 1452 Christianos
787 1398 849 1452 illie
866 1399 976 1452 invenit
995 1399 1051 1451 iam
1074 1398 1122 1452 din
1143 1399 1242 1453 iudicii
1259 1417 1321 1456 sen·

146 1465 242 1519 tentia
259 1465 470 1519 condemnatos.
507 1465 561 1528 Qui
579 1471 708 1520 sanetum
720 1471 750 1522 et
767 1465 908 1520 celebrem
921 1464 1099 1522 Clementem
1111 1465 1210 1520 intuiti
1223 1485 1319 1522 omnes

147 1533 328 1588 concorditer
349 1550 409 1586 cum
437 1532 546 1604 gemitu
568 1550 601 1586 ac
623 1532 694 1586 fletu
714 1533 885 1586 accedentes
911 1533 1055 1588 dixerunt:
1086 1531 1143 1590 Ora
1182 1551 1212 1588 ro
1237 1535 1320 1590 nobis

147 1605 248 1654 sancte
272 1600 416 1672 pontifex,
445 1605 477 1652 ut
501 1599 582 1670 digni
607 1598 765 1654 efficiamur
807 1599 974 1654 remissione
1005 1599 1121 1655 Christi.
1156 1552 1233 1668 (Suos
1259 1620 1321 1656 eum

145 1667 472 1788 epgnoviiqsetusanctus
484 1665 627 1787 hClemerpls
644 1673 769 1787 propterd
805 1683 869 1721 eum
886 1667 975 1747 fnisse
996 1667 1163 1788 {deportatos
1182 1668 1237 1748 aitf
1256 1669 1321 1725 Non

144 1753 407 1858 &neartah
421 1740 1321 1874 tinidttsttatt..ttetdttltmtihtteff”¹⁰¹¹¹¹¹¹¹

216 1936 377 1990 CLXXXI.
412 1937 525 1990 Didicit
542 1942 636 1990 autem
654 1937 690 1990 ab
710 1937 766 2004 eis,
784 1937 861 2008 quod
874 1937 908 1991 de
923 1943 1002 1992 sexto
1014 1938 1135 1992 miliario
1147 1957 1248 2010 aquam
1263 1939 1321 1992 suis

143 2003 271 2058 humeris
296 2005 485 2075 deportarent.
521 2003 680 2058 Confestim
702 2021 769 2076 ergo
792 2011 908 2060 sanctus
935 2004 1068 2060 Clemens
1091 2005 1255 2060 cohortatus
1277 2012 1321 2061 est

145 2073 214 2127 illos
228 2073 342 2128 dicens:
362 2071 479 2126 Oremus
493 2072 530 2126 ad
547 2071 691 2126 dominum
707 2079 835 2127 nostrum
846 2073 942 2127 Iesum
959 2072 1112 2141 Christum,
1126 2079 1158 2127 ut
1170 2073 1238 2132 fidei
1252 2092 1319 2129 suae

144 2140 359 2196 confessoribus
381 2157 482 2194 venam
504 2157 595 2208 aquae
613 2156 630 2194 a
651 2140 736 2208 erlat,
759 2146 788 2196 et
806 2142 854 2210 qui
871 2141 1013 2211 percussit
1032 2148 1142 2211 petram
1159 2141 1189 2194 in
1206 2141 1319 2197 deserto

144 2207 233 2262 Sinae
251 2215 281 2262 et
298 2208 439 2262 fluxerunt
460 2224 550 2278 aquae
569 2207 598 2260 in
611 2158 833 2285 ‘abundandam
855 2208 917 2280 ipse
933 2209 1016 2264 nobis
1038 2209 1183 2280 copiosum
1200 2209 1317 2266 laticem

143 2276 299 2346 praebeat,
318 2293 372 2345 quo
391 2275 480 2346 ipsius
499 2275 730 2344 suppedrtatione
749 2277 892 2330 laetemur.
928 2276 966 2328 Et
977 2294 1044 2330 vero
1057 2277 1200 2347 completa
1212 2279 1318 2348 suppli-

144 2343 259 2398 catione
272 2343 340 2397 hinc
352 2342 490 2412 illincque
503 2342 703 2412 circumspexit
716 2349 745 2396 et
757 2343 830 2396 vidit
842 2361 947 2413 agnum
960 2350 1098 2410 stantem,
1131 2344 1160 2396 ui
1173 2344 1321 2397 dexterum

143 2413 249 2480 pedem
262 2411 370 2466 levavit
382 2416 516 2480 tanquam
530 2416 629 2465 saneto
644 2409 785 2464 Clementi
797 2411 891 2464 locum
904 2411 1065 2464 ostendens.
1129 2428 1183 2463 nnc
1203 2417 1319 2466 sanctus

144 2479 281 2535 Clemens
299 2484 435 2548 reputans
455 2477 608 2532 Dominum
630 2494 707 2543 esse,
725 2495 808 2546 quem
827 2476 903 2530 solus
921 2477 982 2548 ipse
1004 2478 1153 2547 conspexit
1172 2485 1202 2532 et
1223 2479 1319 2532 nullus

144 2548 261 2628 omnino
274 2547 414 2626 alius,·ad
426 2546 520 2600 locum
530 2545 676 2625 profectus
689 2550 778 2600 estse
793 2544 877 2598 dixit:
897 2544 931 2598 In
947 2544 1060 2623 nomine
1072 2544 1162 2625 patris
1176 2551 1209 2625 et
1222 2544 1276 2600 filii
1290 2554 1319 2600 et

145 2611 737 2749 antbertetdtntltdtt.
750 2611 1318 2751 ltetgt?tettttdtttsstdtt

144 2768 232 2822 parve
255 2750 366 2804 sarculo
386 2750 479 2802 lecum
500 2748 630 2818 quierat
651 2747 702 2801 sub
723 2747 796 2817 pede
818 2747 886 2818 agni
906 2747 1048 2817 percussit
1069 2747 1126 2800 levi
1147 2747 1221 2814 ictu,
1242 2748 1318 2802 unde

144 2836 177 2872 re
198 2825 264 2873 ente
280 2817 344 2871 fons
361 2817 441 2870 venis
457 2815 683 2870 redundantibus
700 2815 884 2886 pulcerrimus
906 2815 1035 2881 emersit,
1056 2815 1105 2884 qui
1127 2831 1191 2869 cum
1209 2815 1317 2895 impetu

144 2886 179 2942 ef
208 2905 256 2940 sua
279 2884 379 2940 effecit
403 2883 527 2937 fluvium.
563 2883 645 2938 Tune
671 2889 788 2938 sanctus
816 2882 948 2939 Clemens
969 2883 1080 2938 cunctis
1105 2883 1315 2938 exsultantibus

147 2954 234 3008 dixit:
256 2953 394 3006 Fluminis
407 2954 522 3021 impetos
534 2952 686 3020 laetificant
698 2953 835 3006 ciuitatem
847 2953 910 3005 Dei.

1211 3061 1212 3064 =
1305 3039 1317 3078 ι

216 3086 393 3141 CLXXXII.
428 3084 471 3139 Ob
488 3085 562 3138 hanc
580 3085 670 3155 igitur
686 3085 790 3140 samam
809 3086 950 3140 concurrit
967 3091 1029 3140 tota
1040 3085 1198 3156 provincia,
1232 3086 1317 3156 uique

146 3155 303 3210 veniebant
315 3155 353 3208 ad
365 3154 458 3208 sancti
470 3152 627 3207 Clementis
640 3152 806 3219 doctrinam,
821 3171 918 3207 omnes
928 3154 1166 3208 convertebantur
1175 3154 1212 3208 ad
1251 3153 1318 3207 omi-

147 3241 227 3289 num,
245 3223 318 3276 adeo
334 3228 366 3275 ut
385 3221 512 3291 quotidie
532 3220 682 3292 quingenti
699 3226 728 3273 et
746 3219 867 3290 amplius
879 3220 1045 3274 recederent
1056 3222 1204 3291 baptizati
1241 3221 1320 3274 Intra

146 3308 234 3344 unum
247 3295 343 3344 autem
355 3307 458 3343 annum
468 3288 563 3342 factae
577 3293 642 3341 sunt
653 3287 713 3341 illic
723 3305 740 3341 a
752 3286 886 3341 fidelibus
897 3287 1213 3357 septuagintaquinque
1227 3288 1318 3340 eccle-

148 3359 217 3424 siae,
232 3363 261 3412 et
273 3357 368 3411 omnia
380 3357 458 3411 idola
476 3356 622 3410 confracta
634 3361 709 3420 sunt,
727 3354 822 3408 omnia
833 3353 941 3422 templa
954 3353 1180 3407 circumiacentis
1192 3354 1318 3435 regionis

147 3425 242 3479 diruta
255 3431 330 3492 sunt,
344 3443 440 3478 omnes
453 3424 512 3478 luci
524 3440 613 3493 usque
626 3423 663 3477 ad
675 3427 805 3476 trecenta
817 3420 950 3474 milliaria
962 3420 991 3472 in
1001 3419 1120 3472 circuitu
1130 3421 1238 3474 concisi
1252 3428 1318 3474 sunt

148 3501 177 3547 et
191 3495 251 3547 solo
265 3493 388 3563 aequati.

217 3626 409 3681 CLXXXIII.
445 3625 519 3679 Tum
535 3625 624 3746 igitur
635 3624 777 3678 invidiosa
788 3622 912 3677 namatio
924 3620 1054 3692 pervenit
1066 3621 1103 3676 ad
1115 3621 1317 3691 Imperatorem

149 3695 317 3761 Traianum,
344 3694 419 3764 quod
444 3693 542 3747 illica
583 3692 817 3747 innumerabilem
841 3689 1052 3744 multitudinem
1078 3689 1216 3746 adauctus
1240 3695 1318 3744 esset

148 3951 175 4012 3)
187 3949 274 4005 αὐτὸν
293 3953 323 4002 V.
343 3979 376 3988 -
393 3947 419 4016 4)
433 3945 555 4022 ἐρερὴμῳ
568 3968 592 4017 p.
605 3949 635 4002 ἰν
647 3945 709 4016 ἔρή-
751 3945 780 4016 2)
792 3945 863 4018 μετὰ
881 3947 1043 4018 στεναγμῶν
1063 3943 1253 4024 &prospecte
1264 3947 1315 3996 inv.

149 4038 195 4090 μῳ
208 4023 237 4071 0.
752 4017 782 4078 0,
795 4016 953 4066 ubisubinde
966 4032 1014 4064 om.
1027 4017 1072 4066 καὶ
1086 4011 1229 4082 ὀδυρμων.
1289 4048 1293 4059 .

120 4187 131 4208 .
200 4156 259 4233 opp.
274 4153 415 4205 CLXXIX·
452 4149 478 4220 1)
504 4145 653 4223 &coemto
668 4147 709 4201 ll
751 4110 1086 4250 nriflnssffiidioi
1100 4110 1315 4244 eugeque&

149 4219 165 4286 ἡ
180 4238 247 4281 vanc
257 4221 396 4288 Interponit
407 4222 474 4284 vulg.

800 4283 859 4350 Cap.
874 4281 1027 4332 CLXXXII.
1065 4277 1091 4348 l)
1119 4283 1163 4333 καὶ
1180 4280 1332 4346 Interes-0

200 4358 260 4423 Cap.
282 4356 410 4406 CLXXX.
446 4351 473 4422 1)
485 4349 621 4424 μακάριον
634 4355 662 4402 0.
678 4379 707 4387 -
753 4367 811 4420 φον
823 4351 853 4400 V.
