3126 4894
568 341 722 391 nrrroun
740 342 883 395 manns.
1250 327 1330 397 153,

200 489 311 544 XLVI.
347 488 407 544 Nos
426 493 522 542 autem
541 489 576 542 de
594 487 708 542 Simone
725 505 806 543 mane
826 495 929 542 cuncta
946 505 1010 541 eum
1029 488 1254 558 scripsissemus,
1273 491 1310 544 ad

128 557 360 612 ambulationem
388 555 578 610 convertimus
609 556 735 627 gradum.
775 556 813 609 Et
842 556 963 610 oecmrit
991 555 1074 610 nobis
1104 555 1218 626 Appion
1246 575 1310 610 oum

128 627 256 697 triginta
273 625 351 678 viris.
387 623 432 677 Ac
452 623 535 676 simul
551 630 636 692 atque
649 641 694 677 me
707 624 792 690 vidit,
813 625 940 677 salutans
954 629 983 676 et
996 623 1140 677 osculatus
1153 625 1194 677 ait
1207 625 1308 678 sociis:

128 694 189 747 Hic
209 699 256 746 est
274 691 423 757 Clemens,
443 691 477 744 de
495 709 549 760 quo
566 694 686 744 multum
704 692 807 745 advos
826 708 982 745 sermonem
998 689 1098 758 habui,
1122 691 1212 762 deque
1231 692 1310 745 illius

128 761 288 814 nobilitate
306 778 341 812 ac
353 759 477 813 moribus
492 759 672 826 liberalibus;
690 759 765 828 quod
777 761 820 812 vir
833 776 866 812 ex
881 775 984 828 genere
998 758 1108 812 Tiberii
1122 758 1266 825 Caesaris,
1281 767 1310 814 et
1406 807 1412 820 .

128 829 161 882 in
183 828 262 882 omni
285 845 390 898 graeca
408 827 561 896 disciplina
582 827 768 893 exercitatus,
790 845 807 880 a
822 826 943 880 barbaro
966 827 1101 896 quodam,
1122 828 1170 896 qui
1193 833 1310 882 vocatur

127 897 251 960 Petrus,
270 895 371 948 fraude
390 895 549 964 compulsus
564 900 640 949 esset
653 895 690 948 ad
706 895 885 966 peragendos
901 911 935 947 ac
951 893 1158 964 praedicandos
1173 893 1309 950 Christia-

128 982 232 1018 norum
244 963 325 1015 ritus.
363 962 455 1026 Quare
471 981 501 1016 ro
525 981 554 1029 0,
571 969 604 1016 ut
619 979 663 1016 me
681 962 710 1015 in
728 962 777 1015 illo
795 962 960 1033 corrigendo
977 962 1128 1016 adiuvetis.
1164 964 1201 1016 Et
1215 981 1308 1018 coram

128 1032 214 1086 vobis
234 1048 299 1084 eum
319 1030 471 1100 interrogo.
504 981 690 1100 {despondeat
706 1029 789 1096 mihi,
808 1030 1035 1099 quandoquidem
1052 1031 1155 1100 pietati
1172 1031 1308 1086 colendae

130 1117 163 1153 se
177 1099 296 1152 dedisse
313 1098 480 1162 arbitratur,
501 1117 555 1168 quo
573 1098 655 1152 modo
668 1115 725 1150 non
736 1097 856 1151 maxime
869 1099 973 1168 impius
986 1098 1032 1165 sit,
1047 1099 1095 1168 qui
1107 1100 1216 1168 patrios
1230 1101 1307 1154 dere·

129 1167 262 1238 liquerit,
277 1165 467 1219 declinaverit
479 1184 545 1220 vero
557 1165 594 1219 ad
605 1165 741 1219 barbaros
753 1183 852 1219 mores.

199 1233 323 1288 XLVII.
359 1233 397 1286 Et
418 1250 472 1304 ego
488 1232 635 1304 respondi:
658 1233 750 1287 Tuam
773 1233 887 1303 quidem
903 1233 933 1286 in
954 1249 998 1286 me
1036 1233 1190 1288 raeolaram
1210 1236 1308 1289 volun-

128 1309 222 1356 tatem
246 1301 340 1355 habeo
371 1307 533 1370 acceptam,
563 1306 592 1354 at
622 1301 829 1372 ignorationem
858 1301 983 1355 amolior.
1016 1251 1139 1354 §cilicet
1162 1303 1308 1372 praeclara

129 1370 250 1440 quidem
270 1369 404 1422 voluntas
427 1374 485 1434 est,
508 1369 584 1438 quod
603 1368 633 1420 in
652 1368 703 1435 iis,
743 1386 796 1422 uae
814 1369 868 1422 tibi
885 1370 960 1422 bona
977 1368 1122 1434 videntur,
1139 1386 1184 1422 me
1201 1370 1308 1438 versari

130 1439 229 1507 cupis:
248 1454 346 1490 verum
363 1437 491 1508 cognitio
510 1453 567 1490 non
584 1443 663 1489 reete
682 1453 712 1490 se
725 1387 838 1489 babens
851 1441 1003 1515 praetextu
1021 1435 1165 1490 amicitiae
1178 1437 1307 1492 insidiari

130 1507 242 1559 nititur.
279 1503 363 1556 Dixit
374 1504 503 1574 Appion:
524 1504 598 1559 Num
611 1503 753 1575 ignoratio
762 1503 817 1557 tibi
830 1504 951 1569 videtur,
964 1504 1071 1574 patrios
1083 1503 1155 1556 ritus
1169 1506 1307 1560 servando

131 1573 241 1627 sentire
261 1590 326 1626 cum
344 1570 483 1626 Graecis?
501 1573 540 1624 Et
558 1589 612 1643 ego
628 1571 776 1652 respondi:
797 1571 852 1634 Qui
864 1571 952 1624 vitam
964 1571 1010 1641 pie
1028 1588 1113 1641 agere
1127 1572 1237 1638 statuit,
1251 1591 1307 1628 uon

130 1640 247 1695 omnino
267 1640 353 1693 debet
370 1657 481 1694 servare
502 1640 596 1710 patria
612 1639 759 1705 instituta,
782 1639 832 1692 sed
851 1655 961 1692 servare
979 1638 1106 1707 quidem,
1128 1639 1153 1691 si
1171 1640 1219 1710 pia
1239 1640 1306 1708 sint,

130 1709 259 1762 abiicere
272 1724 347 1772 vero,
362 1707 386 1760 si
400 1707 458 1760 sint
468 1707 562 1778 impia.
598 1705 661 1760 Usu
674 1707 749 1760 enim
762 1706 857 1760 venire
871 1707 953 1771 solet,
966 1713 998 1760 ut
1010 1705 1114 1776 aliquis
1127 1713 1207 1776 patre
1220 1707 1306 1778 impio
1344 1725 1350 1736 ·

130 1783 218 1830 natus
230 1775 303 1828 velit
315 1775 410 1828 vivere
423 1776 479 1844 pie,
492 1775 583 1845 Patris
594 1791 685 1828 mores
699 1775 778 1843 sequi
795 1775 903 1828 nolens.
939 1774 1060 1844 Excepit
1077 1774 1122 1844 Ap
1144 1775 1204 1829 ion:
1230 1775 1306 1839 Quid

131 1841 224 1916 ergo?
242 1849 352 1912 patrem
359 1849 437 1896 tuum
451 1843 493 1896 ais
504 1843 595 1896 malae
605 1841 682 1896 vitae
693 1841 860 1896 exstitisse?
877 1842 1023 1912 Respondi
1034 1860 1101 1912 ego:
1115 1794 1179 1896 lion
1192 1844 1306 1924 quidem

132 1918 193 1966 crat
206 1911 298 1964 malae
311 1910 398 1977 vitae,
413 1911 464 1964 sed
474 1911 566 1964 malae
579 1909 729 1980 opinionis.
751 1909 789 1962 Et
800 1909 929 1980 Appion:
950 1911 1027 1974 Quae
1042 1911 1120 1963 illius
1132 1910 1219 1965 fuerit
1231 1912 1306 1966 mala

131 1978 294 2044 sententia,
314 1978 396 2048 cupio
415 1978 519 2032 audire.
555 1977 621 2031 Ete
644 1995 660 2032 o
680 1977 751 2030 dixi:
771 1977 852 2040 Quod
870 1977 951 2031 falsis
969 1995 1003 2031 ae
1041 1979 1114 2032 ravis
1134 1977 1306 2033 Graecorum

130 2046 240 2100 fabulis
259 2045 362 2098 habuit
379 2045 473 2098 fidem.
507 2044 603 2115 Atque
643 2045 731 2115 ppion
749 2046 914 2099 sciscitatus
933 2051 991 2099 est:
1016 1997 1160 2110 &uacuam
1174 2054 1239 2100 sunt
1251 2043 1309 2103 hae⁴

132 2113 308 2168 Graecorum
325 2113 416 2168 falsae
434 2131 467 2168 ac
483 2131 587 2183 pravae
604 2111 739 2167 fabulae?
766 2113 925 2184 Respondi:
953 2113 1018 2167 Non
1034 2119 1113 2168 reeta
1130 2114 1164 2168 de
1179 2115 1233 2168 diis
1246 2116 1305 2186 opi·
1376 2135 1378 2140 ’

131 2183 225 2248 nati03
239 2198 334 2250 quam,
348 2181 373 2234 si
385 2199 476 2250 aequo
488 2181 583 2235 animo
595 2180 662 2246 fers,
676 2199 739 2234 cum
753 2181 883 2235 discendi
896 2181 1007 2252 cupidis
1019 2182 1126 2236 audies.

199 2249 337 2303 XLVIII.
374 2248 465 2312 Quare
483 2255 548 2303 ante
570 2249 800 2303 dissertationem
825 2249 881 2302 iam
903 2249 1069 2303 secedamus
1087 2250 1116 2302 in
1138 2250 1305 2318 quietiorem

131 2317 257 2388 aliquem
274 2317 383 2382 locum,
404 2317 455 2370 ubi
472 2316 619 2370 vobiscum
637 2317 781 2370 disseram.
817 2317 855 2369 Et
872 2317 1016 2388 progressi
1034 2317 1237 2384 consederunt,
1254 2319 1304 2372 ubi

150 2404 200 2440 ura
212 2391 295 2438 erant
308 2384 466 2455 gelidorum
479 2384 597 2438 laticum
614 2385 722 2438 fluenta
739 2389 768 2437 et
785 2385 914 2437 arborum
929 2393 1045 2453 tegmen
1057 2385 1155 2437 viride.
1190 2385 1235 2437 Ibi
1248 2403 1302 2454 ego

130 2405 234 2507 iubens
249 2452 310 2505 sedi
324 2470 388 2506 cum
401 2453 494 2519 iis,‚et
507 2469 570 2504 cum
583 2453 681 2506 oculos
694 2451 724 2504 in
736 2468 779 2504 me
792 2449 937 2516 fixissent,
951 2451 992 2503 ita
1004 2452 1041 2504 ad
1054 2469 1102 2504 eos
1115 2451 1193 2521 loqui
1207 2455 1303 2521 coepi:

197 2519 307 2572 XLIX.
343 2519 437 2573 Multa
449 2525 507 2585 est,
520 2537 536 2573 o
549 2519 616 2586 viri,
631 2518 796 2572 differentia
808 2519 883 2571 inter
894 2518 1044 2572 veritatem
1056 2524 1141 2588 atque
1155 2527 1304 2573 consuetu-

132 2589 234 2642 dinem.
270 2588 315 2640 Ex
328 2586 447 2642 Graecis
461 2589 536 2642 enim
548 2587 599 2642 alii
611 2587 716 2640 multos
730 2586 797 2639 deos
810 2586 900 2639 malos
918 2585 1104 2656 omnibusque
1116 2586 1304 2656 perturbatio-

131 2657 213 2710 nibus
227 2655 366 2709 0bnoxios
380 2655 564 2722 induxerunt,
578 2661 611 2708 ut
627 2654 676 2724 qui
690 2653 795 2708 similia
806 2659 917 2724 patrare
930 2653 1029 2721 velint,
1043 2671 1078 2708 ne
1090 2655 1303 2724 pertimescant.

131 2723 189 2776 Alii
202 2740 271 2777 vero
284 2721 376 2776 fatum
389 2741 439 2776 seu
449 2722 577 2777 Genesin
590 2723 765 2788 invexerunt,
779 2728 986 2792 praeterquam
999 2738 1081 2776 nemo
1092 2721 1245 2791 quidquam
1257 2723 1303 2776 vel

130 2793 223 2846 facere
237 2791 285 2844 vel
297 2791 359 2860 pati
371 2796 475 2860 potest.
497 2790 672 2844 Existimans
685 2789 760 2844 enim
772 2789 886 2860 aliquis,
899 2789 1039 2842 neminem
1052 2796 1164 2860 praeter
1177 2789 1305 2844 Genesin

130 2859 286 2930 quidquam
304 2859 351 2912 vel
362 2859 424 2928 pati
442 2859 488 2912 vel
500 2858 594 2912 facere
607 2875 707 2928 posse,
720 2857 807 2912 facile
820 2858 857 2912 ad
869 2857 1044 2928 peccandum
1057 2859 1183 2924 accedit,
1198 2865 1226 2912 ct
1238 2865 1304 2928 post

131 2933 282 2998 peccatum
296 2943 353 2979 non
366 2927 479 2980 ducitur
490 2925 670 3001 poenitentia
684 2926 770 3006 impie
784 2933 935 2998 gestorum.
970 2924 1030 2978 Alii
1042 2943 1107 2980 vero
1120 2927 1304 2982 introducunt

148 2993 329 3048 rovidentiae
349 3000 492 3065 expertem
514 3011 624 3059 casum,
646 3011 680 3048 ac
703 3013 728 3046 si
749 2995 843 3049 omnia
865 3000 966 3065 sponte
987 3012 1038 3048 sua
1060 2995 1302 3064 circumferantur,

130 3015 245 3117 domino
258 3062 338 3115 nullo
350 3063 540 3132 praesidente.
576 3061 657 3115 Haec
670 3068 765 3116 autem
778 3063 819 3117 ita
835 3080 964 3130 censere,
982 3069 1014 3116 ut
1027 3063 1162 3131 diximus,
1180 3065 1304 3118 omnium

130 3129 337 3186 sententiarum
360 3135 405 3184 est
425 3129 674 3200 perniciosissima.
711 3130 858 3200 Tanquam
880 3131 955 3184 enim
972 3130 1068 3184 nullus
1086 3132 1124 3184 sit
1141 3150 1256 3202 praeses
1269 3151 1303 3186 ac

128 3199 258 3268 provisor
270 3197 449 3268 singulisque
462 3214 511 3266 pro
525 3197 625 3251 merito
639 3198 819 3264 distributor,
838 3215 920 3252 omne
933 3199 1008 3266 quod
1020 3197 1082 3252 fieri
1094 3205 1203 3268 potest,
1216 3200 1302 3254 facile

129 3267 164 3320 ob
177 3273 274 3320 metus
287 3266 462 3320 vacuitatem
473 3271 647 3334 perpetrant.
683 3265 774 3328 Quare
787 3265 834 3318 vix
847 3265 894 3334 qui
907 3265 964 3317 ista
977 3265 1141 3334 opinantur,
1154 3266 1303 3321 honestam

129 3333 239 3387 ducunt
251 3332 355 3386 vitam:
375 3334 442 3403 quia
455 3333 589 3402 ingruens
601 3332 759 3402 periculum
770 3350 826 3385 non
838 3331 1013 3400 praevident.

195 3401 229 3452 L.
266 3400 308 3453 At
325 3418 390 3455 vero
409 3401 538 3455 doctrina
550 3417 660 3466 eorum,
679 3417 748 3470 quos
767 3399 898 3454 barbaros
911 3398 1036 3464 vocatis,
1055 3397 1175 3452 maxime
1188 3405 1232 3452 est
1243 3399 1301 3469 pia,

129 3485 201 3537 quae
211 3485 300 3522 unum
309 3466 403 3522 Deum
417 3475 446 3522 et
460 3465 591 3538 opificem
603 3467 692 3521 totius
705 3467 788 3520 huius
801 3466 898 3519 mundi
908 3465 1027 3532 inducit,
1041 3471 1141 3519 natura
1151 3465 1255 3520 bonum
1268 3484 1302 3522 ae

130 3536 251 3590 iustum:
264 3536 370 3590 bonum
383 3537 506 3607 quidem,
520 3542 551 3588 ut
564 3535 612 3605 qui
624 3535 837 3605 poenitentibus
850 3533 961 3588 veniam
975 3533 1143 3588 delictorum
1153 3534 1301 3602 concedat,

181 3728 243 3793 Cap.
266 3727 360 3776 XLVI.
396 3721 492 3792 1)·καὶ
511 3727 609 3792 Πέτρῳ
634 3726 697 3778 δια·
742 3720 863 3792 V.—4)
876 3727 921 3776 καὶ
933 3741 981 3776 om.
995 3721 1118 3792 V.-5)
1131 3723 1259 3780 intonas
1272 3731 1302 3779 Ο.

130 3797 298 3864 πέμψαντες
328 3794 403 3844 inser.
433 3796 508 3844 Hom.
541 3794 588 3854 IV,
617 3792 641 3844 6.
664 3823 699 3830 -
740 3789 813 3861 -6)
826 3810 854 3845 τε
867 3809 915 3842 om.
929 3795 957 3844 0.

129 3860 155 3925 ⁶2)
168 3862 229 3914 forr
244 3864 274 3912 0.
294 3887 328 3897 -
346 3858 372 3924 3)
386 3857 455 3930 ἡμῖν
467 3863 497 3912 V.
515 3889 550 3896 -
566 3855 594 3928 4)
610 3880 636 3913 τε
649 3879 697 3912 om.
793 3863 851 3928 Cap.
864 3862 985 3912 XLVIII.
1021 3857 1301 3946 1)ε’καθεζόμηνμετ’

130 3931 157 3978 Ο.
171 3958 206 3965 -
225 3923 253 3997 5)
268 3923 343 3998 adop
357 3928 483 3999 ἑλληνικῇ
496 3927 609 3997 παιδείᾳ
622 3931 651 3980 0.
666 3958 696 3966 —
741 3926 832 3982 αὐτῶν
844 3929 904 3979 ordo
917 3946 984 3979 voec.
998 3929 1024 3978 in
1038 3931 1110 3980 0.-
1121 3925 1148 3996 2)
1162 3931 1301 3990 ατενίζον-

129 3996 154 4060 6)
171 3999 215 4047 lta
232 4003 257 4047 et
269 3997 348 4063 Epic,
363 3992 507 4049 Ἰουδαίων
526 3998 601 4046 Hom.
613 3999 659 4059 IV,
673 3997 696 4048 7.
741 4015 784 4054 τες
797 3998 826 4046 O·.

127 4062 202 4132 -7)
215 4061 309 4117 αὐτῶν
322 4065 455 4130 scripserat
471 4070 510 4132 pr.
523 4065 695 4116 mauusinV.
754 4099 760 4108 ‚
791 4065 850 4130 cap.
863 4065 958 4114 XLIX.
994 4059 1020 4129 1)
1040 4058 1140 4120 κακοὺς
1155 4079 1202 4112 om.
1221 4064 1249 4113 0.
1267 4089 1302 4098 -

172 4133 232 4214 Gap.
245 4132 353 4182 XLVII.
374 4128 400 4199 1)
415 4133 489 4184 Voce.
505 4128 555 4196 τὴν
566 4128 695 4200 δὲάγνω-
738 4127 766 4198 2)
780 4126 963 4246 slqurjouvro
977 4132 1006 4182 0.
1023 4157 1058 4164 -
1078 4125 1106 4196 3)
1120 4123 1302 4197 sloqyoiyovsn

129 4203 193 4252 afar
210 4201 382 4266 αποσείομαι
399 4215 449 4249 non
464 4205 548 4250 extant
565 4201 591 4249 in
613 4201 644 4251 V.
662 4227 696 4258 ‚—
739 4200 768 4248 0.
781 4226 815 4233 -
849 4194 859 4264 )
874 4199 917 4248 Six
930 4215 959 4247 cx
971 4197 1050 4262 Epit,
1065 4215 1090 4247 τι
1105 4197 1150 4247 OV
1164 4213 1219 4246 eum
1232 4203 1301 4247 utro-

127 4265 154 4328 2)
168 4263 340 4336 αἱρούμενον
353 4269 388 4327 0;
410 4268 515 4318 subinde
534 4267 580 4319 δεῖ
590 4261 697 4324 adures
737 4281 786 4381 que
797 4267 872 4314 Hom.
887 4265 946 4314 Cod.
963 4291 997 4299 -—
1013 4259 1041 4331 5)
1059 4261 1151 4322 οὐδεὶς
1163 4281 1211 4317 om.
1225 4266 1253 4315 Ο.
1268 4293 1301 4300 -

127 4353 152 4402 p.
171 4332 205 4386 οὐ
225 4331 338 4393 πάντως
379 4331 509 4386 videaur
527 4334 573 4386 δεῖ
589 4333 621 4386 τὰ
640 4330 694 4385 πά·
754 4327 896 4399 )ἑκάστου
910 4333 941 4381 V.

129 4421 200 4471 τρια,
209 4398 283 4454 ἀλλὰ.
297 4431 330 4438 -
340 4352 429 4470 gnie
438 4419 486 4453 ser.
497 4407 526 4464 0,
539 4408 653 4452 neutrum
666 4402 694 4452 in
789 4400 886 4466 GapL.
900 4394 926 4466 1)
934 4395 1301 4466 ἒστιΟ.-2)καὶδοεεῐίιιο.

741 4682 746 4710 l
