3114 4896
562 319 718 370 nriroun
737 321 848 371 aaron.
1258 305 1300 371 65

112 469 185 586 lIsta
205 472 357 538 postquam
374 466 476 520 Petrus
495 465 582 531 dixit,
604 482 723 536 vespera
741 467 913 522 succedente
934 468 972 522 ad
989 485 1116 522 somnum
1133 486 1185 524 nos
1201 477 1299 526 contu-

124 551 211 588 lmus.

185 601 322 656 XCVIII.
362 599 469 654 Exorto
490 608 585 654 antem
606 617 688 654 mane
706 600 734 653 in
758 617 852 656 ressns
869 601 971 655 Petrus
993 602 1048 656 ait:
1083 601 1214 658 Clemens
1236 621 1297 658 cnm
1379 633 1383 642 =

110 676 272 724 matresua
283 667 441 722 Matthidia
458 674 488 722 et
499 685 563 722 mea
574 684 660 721 uxore
674 619 757 722 simid
775 669 804 722 in
817 685 898 723 curru
912 670 1087 724 consideant.
1106 671 1297 742 Pergentibus

109 743 211 790 autem
228 736 315 790 nobis
331 752 383 806 per
397 735 489 802 viam,
508 751 580 815 quae
592 735 753 790 Balenaeas
767 736 860 802 ducit,
874 736 1061 808 interrogavit
1073 755 1117 792 me
1129 745 1228 804 mater,
1242 757 1297 810 quo

109 804 197 858 modo
231 809 294 857 ater
306 809 413 874 ageret.
448 803 520 858 Dixi
533 820 600 874 ego:
620 800 667 856 Ad
679 803 893 884 indagationem
906 805 947 857 tui
966 811 996 859 et
1008 806 1185 877 geminorum
1197 807 1297 861 libero·

107 889 175 924 rum
216 869 328 924 austini
346 876 375 924 et
392 869 574 924 Faustiniani
592 887 739 950 egressus,
757 877 949 940 incompertus
972 879 1076 928 manet.
1110 873 1184 927 Puto
1202 879 1298 928 autem

110 955 177 991 enm
195 955 261 991 mox
280 937 402 1003 obiisse,
420 938 466 992 vel
485 937 560 991 enim
573 937 710 991 incidisse
723 937 753 990 iii
766 938 958 1010 naufragium,
976 941 1022 994 vel
1040 941 1070 994 in
1086 941 1133 995 via
1145 942 1297 1010 cecidisse,

110 1006 161 1058 vel
178 1005 274 1060 dolore
290 1009 432 1059 exedente
451 1005 547 1060 tabem
561 1022 624 1059 esse
636 1022 760 1074 passum.
796 1006 850 1061 Illa
868 1023 934 1061 vero
947 1008 1066 1062 audieris
1079 1015 1109 1062 et
1121 1009 1151 1062 iii
1163 1009 1297 1064 lacrimas

110 1072 203 1127 effusa
215 1073 362 1144 ingemuit
378 1073 494 1192 quidem
513 1091 546 1126 ac
558 1091 591 1128 ae
628 1090 643 1127 e
656 1071 770 1151 habuit3
787 1090 883 1128 verum
900 1075 975 1144 quod
987 1093 1032 1129 me
1045 1076 1212 1144 invenisset,
1225 1080 1295 1132 mul·

110 1147 173 1192 tum
185 1141 220 1194 de
234 1157 364 1194 moerore
398 1139 555 1195 etrahebat.
616 1156 774 1194 ervenimns
793 1159 860 1212 ergo
873 1141 1048 1209 Balanaeas,
1062 1149 1092 1198 et
1105 1145 1237 1214 sequenti
1249 1145 1296 1200 die

109 1208 227 1261 Paltum
240 1207 357 1274 ivimus,
371 1213 400 1261 et
414 1207 480 1261 inde
495 1207 614 1262 Gabala.
650 1206 773 1276 AIIaque
792 1209 838 1262 die
851 1207 1025 1265 Laodiceam
1038 1209 1218 1278 devenimus,
1233 1231 1295 1266 cuin

111 1293 180 1330 ecce
192 1281 263 1329 ante
275 1281 374 1344 portas
388 1281 538 1328 occurrimt
556 1275 639 1329 nobis
652 1275 771 1329 Nicetes
785 1283 814 1330 et
826 1275 947 1356 Aquila,
962 1284 991 1332 et
1003 1277 1126 1332 osculati
1140 1280 1246 1334 ducunt
1259 1279 1296 1333 ad

109 1342 279 1412 hospitium.
316 1342 419 1396 Petrus
432 1348 528 1396 autem
540 1343 686 1413 pulchram
704 1348 733 1396 et
746 1361 878 1415 magnam
891 1345 1038 1399 civitatem
1050 1345 1152 1399 videns
1164 1345 1295 1416 Aequum

111 1416 166 1474 est,
179 1409 286 1480 inquit,
301 1427 353 1464 nos
365 1409 413 1463 hic
425 1411 535 1480 aliquot
548 1411 610 1464 dies
623 1411 795 1466 commorari.
831 1411 910 1466 Fieri
922 1412 996 1465 enim
1009 1419 1114 1482 potest,
1127 1415 1201 1468 utin
1213 1419 1295 1469 tanta

111 1477 301 1530 multitudine
315 1477 430 1546 quidam
441 1477 619 1548 reperiantur
632 1477 739 1532 Christi
758 1484 834 1532 sorte
848 1496 881 1532 ac
893 1479 1022 1550 pertibus
1036 1480 1125 1552 digni.
1162 1480 1294 1536 Ceterum

110 1544 233 1598 Nicetes
253 1549 283 1598 et
299 1543 326 1598 A
346 1545 405 1598 uila
421 1545 663 1616 percontabantur
679 1562 737 1612 me,
756 1561 894 1614 quaenam
911 1552 988 1600 esset
1005 1546 1057 1600 illa
1074 1547 1175 1601 mulier
1187 1554 1293 1603 extera.

111 1611 150 1664 Et
162 1628 218 1682 ego
233 1611 310 1664 dixi:
361 1617 422 1666 ater
433 1630 496 1666 mea
509 1619 562 1680 est,
575 1631 658 1682 quain
670 1619 703 1666 ut
714 1630 900 1684 agnoscerem
912 1613 992 1668 Deus
1005 1613 1074 1666 mihi
1086 1631 1137 1684 per
1150 1616 1294 1670 dominum

112 1695 208 1732 meum
220 1679 339 1734 Petrum
352 1681 504 1734 concessit.

179 1744 291 1798 XCIX.
321 1747 402 1801 Haec
419 1753 570 1817 postquam
583 1747 655 1815 dixi,
672 1747 774 1802 Petrus
788 1747 846 1801 illis
860 1753 965 1804 cuncta
977 1749 1138 1804 summatim
1151 1750 1292 1831 exposuit,

110 1819 171 1866 tuin
185 1831 260 1882 quae
274 1831 308 1867 ex
320 1821 409 1868 matre
419 1815 587 1880 audivisset,
600 1821 661 1869 tuin
670 1832 742 1884 quae
755 1821 840 1870 antea
853 1833 888 1870 ex
900 1834 944 1870 me
958 1817 1152 1886 comperisset,
1162 1817 1294 1874 nimirum

111 1881 145 1934 de
159 1881 273 1934 somnio
288 1881 419 1948 conficto,
434 1883 468 1936 de
481 1883 631 1954 naufragio
643 1900 700 1937 nna
712 1901 775 1936 eum
794 1883 893 1936 liberis
905 1884 999 1951 facto,
1017 1889 1046 1938 et
1058 1887 1293 1956 quemadmodum

109 1954 214 2017 postea
231 1954 315 2017 pater
336 1950 373 2002 ad
396 1949 647 2021 investigationem
664 1950 759 2004 uxoris
780 1956 865 2020 atque
886 1951 1062 2031 geminorum
1082 1953 1144 2008 eius
1165 1960 1294 2008 natorum

109 2015 260 2135 plrofectips
276 2033 367 2137 pieque
384 2016 477 2072 adhuc
495 2018 631 2072 manserit
649 2018 779 2088 ignotus,
801 2018 932 2073 fortassis
949 2020 1011 2090 ipse
1034 2037 1146 2091 quoqne
1163 2022 1193 2076 in
1208 2022 1293 2076 maris

131 2100 233 2136 iscrim
252 2101 271 2135 ii
304 2101 425 2154 capsus.

183 2148 213 2202 C.
243 2149 297 2204 His
310 2150 352 2205 ita
369 2169 403 2204 ca
424 2151 550 2206 itulatim
563 2169 580 2206 a
592 2151 677 2206 Petro
689 2151 789 2207 relatis
801 2153 921 2208 Nicetes
938 2159 968 2208 et
980 2153 1087 2226 Aquila
1103 2161 1220 2226 stupore
1231 2174 1293 2228 per·

109 2216 192 2270 cussi
206 2216 351 2271 dixerunt:
417 2236 463 2274 ere
481 2237 514 2273 ae
528 2219 640 2272 domine
653 2220 777 2274 omnium
790 2237 922 2276 verumne
935 2227 993 2289 est,
1012 2223 1088 2344 quod
1099 2231 1242 2290 narratur,
1256 2243 1293 2279 aii

109 2283 275 2337 somnium?
293 2284 331 2338 Et
343 2285 445 2340 Petrus
458 2286 523 2341 Nisi
536 2286 696 2352 dormimus,
710 2287 811 2356 inquit,
824 2305 869 2341 res
882 2288 924 2343 ita
936 2306 966 2342 se
978 2289 1015 2344 ha
1037 2296 1073 2344 et.
1103 2289 1144 2344 At
1156 2291 1201 2344 illi
1211 2292 1291 2360 paul-

108 2352 204 2404 lulum
221 2353 323 2406 morati
340 2371 374 2408 ac
391 2355 471 2408 velut
488 2354 675 2435 cogitabundi
691 2355 764 2421 Nos,
782 2355 961 2424 inquierunt,
980 2375 1076 2410 sumus
1093 2357 1250 2412 Faustinus
1263 2364 1293 2411 et

108 2418 329 2474 Faustinianus.
373 2419 469 2492 Atque
481 2422 517 2477 ab
530 2422 613 2476 initio
626 2428 692 2476 tuae
704 2421 873 2476 narrationis
886 2423 960 2476 alter
971 2424 1092 2478 alterum
1104 2425 1292 2494 inspicientes

106 2486 266 2556 plurimum
278 2487 355 2542 cirea
366 2507 419 2544 nos
432 2489 691 2554 considerabamus,
704 2506 770 2542 num
784 2505 855 2558 quae
870 2488 1038 2543 dicebantur
1050 2490 1087 2542 ad
1103 2508 1155 2544 nos
1168 2491 1292 2560 pertine-

106 2559 191 2620 rent,
206 2559 373 2623 reputantes
391 2573 457 2610 vero
471 2558 561 2612 multa
574 2555 679 2610 similia
695 2556 725 2608 iii
737 2555 798 2608 vita
810 2554 986 2626 contingere,
1000 2556 1145 2624 siluimus,
1163 2559 1291 2628 quamvis

107 2639 161 2675 cor
179 2627 306 2674 nostrum
322 2623 486 2694 palpitaret.
526 2625 610 2680 Nunc
631 2640 697 2677 vero
721 2623 751 2676 iii
767 2620 824 2676 fine
848 2623 984 2676 sermonis
1003 2622 1134 2678 videntes
1152 2642 1186 2678 ac
1203 2625 1291 2705 probe

107 2689 256 2754 scientes,
276 2706 348 2758 qnae
367 2708 384 2745 a
402 2697 432 2746 te
450 2692 529 2746 dicta
546 2697 612 2746 sunt
629 2691 667 2745 ad
682 2707 734 2745 nos
751 2689 908 2761 pertinere,
926 2695 995 2744 tunc
1011 2707 1063 2744 nos
1076 2691 1291 2746 declaravimus.

106 2755 209 2826 Atque
221 2755 276 2810 hnc
290 2757 367 2812 dIcto
380 2776 443 2812 cuni
453 2759 578 2814 lacrimis
607 2758 778 2829 reparabant
790 2759 827 2813 ad
836 2763 963 2824 matrem,
977 2775 1095 2829 eamque
1106 2759 1291 2815 dormientem

106 2823 194 2880 nacti
209 2824 339 2894 protinus
358 2827 510 2897 complecti
527 2778 672 2882 volebant.
709 2825 766 2881 Sed
777 2827 880 2882 Petrus
915 2826 1042 2882 rohibuit
1061 2827 1173 2882 dicens:
1199 2827 1291 2884 Sinite

106 2908 173 2958 me,
191 2891 254 2962 ipse
272 2909 322 2946 vos
339 2893 376 2948 ad
391 2901 510 2948 matrem
527 2895 681 2962 adducam,
699 2911 735 2948 ne
752 2893 825 2949 forte
843 2845 932 2949 mulio
950 2895 1055 2966 gaudio
1072 2902 1190 2966 reperite
1207 2895 1291 2951 adve-

107 2960 213 3013 niente
227 2958 257 3012 in
268 2960 355 3014 animi
368 2967 511 3032 stuporem
524 2962 647 3028 incidat,
663 2967 762 3032 utpote
781 2979 853 3032 quae
866 2962 954 3017 etiam
971 2963 1092 3018 dormiat
1105 2965 1290 3036 spiritumque

110 3043 214 3080 somno
228 3025 335 3082 hebeat
347 3035 525 3100 occupatum.

186 3092 232 3147 CI.
259 3093 392 3150 Ceterum
423 3104 554 3170 ostquam
567 3114 694 3151 somnum
706 3096 744 3150 ad
756 3097 919 3152 satietatem
931 3098 1009 3168 cepit
1021 3115 1055 3154 ac
1068 3105 1232 3169 experrecta
1246 3104 1290 3154 est

109 3165 214 3226 mater,
228 3155 329 3215 Petrus
342 3164 379 3218 ad
391 3116 470 3220 idam
481 3165 560 3235 prius
573 3181 729 3218 sermonem
741 3163 842 3220 habuit
856 3165 890 3220 de
904 3166 983 3220 cultu
994 3166 1051 3220 Dei
1064 3185 1097 3221 ac
1110 3168 1195 3220 dixit:
1210 3167 1288 3222 Scire

109 3235 141 3282 te
164 3229 243 3294 volo,
266 3230 379 3298 mulier,
402 3238 516 3286 nostrae
533 3231 602 3286 fidei
619 3232 808 3303 disciplinam.
844 3232 939 3286 Unum
960 3233 1035 3286 enim
1056 3234 1149 3288 Deum
1171 3236 1290 3288 colimus

165 3486 227 3556 Cap.
253 3487 370 3537 XCVIII.
418 3483 446 3604 lg
475 3487 679 3558 διαγενομένου
722 3481 914 3547 attrociter),
928 3487 1002 3534 Hom.
1016 3485 1076 3535 Cod.
1090 3485 1188 3548 onon,
1202 3491 1288 3536 nostra

112 3553 180 3603 BCD
193 3559 219 3602 et
231 3553 262 3603 nl.
277 3569 316 3620 ap.
330 3555 383 3604 Cot.
391 3581 424 3590 -
448 3551 517 3622 )ἒπ)
530 3551 580 3620 τὴν
591 3555 643 3605 inv.
656 3557 678 3604 D
722 3553 791 3620 Epit.
804 3559 829 3604 et
841 3555 872 3603 ul.
885 3570 923 3634 ep.
937 3553 990 3602 Cot.
1001 3580 1034 3587 —
1044 3549 1085 3614 10)
1099 3554 1190 3606 οὶκίαν
1201 3555 1233 3604 al.
1246 3570 1285 3622 ap.

111 3627 138 3670 et
150 3625 238 3670 nostra
250 3621 320 3687 Epit.
334 3627 362 3671 ut
375 3623 434 3672 Cod.
447 3625 509 3686 Reg.
522 3617 580 3674 804.
602 3650 636 3658 -
645 3619 678 3688 ι3)
723 3623 777 3673 Cot.
790 3650 824 3658 -
837 3615 880 3688 11)
894 3620 965 3690 ημᾶς
977 3637 1024 3673 om.
1038 3625 1067 3672 B.
1079 3649 1113 3660 -
1125 3618 1168 3691 12)
1180 3624 1226 3674 uni
1238 3623 1288 3688 τῆς

110 3688 153 3737 Its
164 3687 241 3806 etiaIpi
252 3689 433 3806 BCg,dnostrp
443 3691 553 3808 Epitleit
564 3690 680 3808 iortffiils
723 3691 753 3740 D.
766 3717 800 3725 —
813 3685 856 3756 13)
870 3686 885 3739 ὁ
898 3685 998 3750 duriter
1009 3692 1040 3742 D.

110 3759 198 3806 noster
235 3772 283 3806 orn.
314 3762 416 3808 o.Boi
433 3761 496 3808 ανία
546 3774 593 3808 om.

112 3795 388 3901 1313atavsar,a1.'iip.
406 3825 460 3874 Cot.
498 3777 681 3904 {adnotattlle³
724 3853 752 3924 2)
765 3791 957 3909 39όὲῗῖ
972 3788 1004 3928 ἐξ
1015 3793 1288 3927 ῗᾶὠῖεὸίίὲξέὦ

111 3903 193 3938 ricus:
221 3891 259 3940 De
279 3895 331 3940 situ
351 3891 440 3940 horum
462 3893 549 3959 Syriae
568 3894 681 3942 Iocorum
726 3926 731 3936 -
767 3928 788 3975 Β
1139 3899 1146 3923 ’

111 3955 178 4018 vide,
192 3973 256 4022 qnae
269 3958 371 4022 collegit
384 3959 528 4027 Christoph.
548 3961 680 4011 Cellaiius.
723 3942 751 3976 ¹¹¹
1227 3963 1230 3974 '

112 4025 205 4086 congr.
223 4027 282 4075 Ant.
294 4025 339 4074 lib.
351 4023 376 4088 3,
390 4043 443 4093 cap.
456 4023 497 4078 12.
514 4054 547 4062 —
565 4023 593 4094 4)
607 4046 680 4095 qtae·
775 4027 835 4096 Cap.
849 4031 876 4081 C.
914 4026 939 4096 1)
953 4023 1042 4086 οὕτως
1054 4031 1083 4078 Β.
1096 4055 1130 4062 -
1147 4022 1174 4092 2)
1188 4022 1286 4076 tasi-

112 4090 231 4142 στιανοῡ
244 4093 271 4143 C.
293 4119 327 4128 —
350 4089 377 4159 5)
391 4097 535 4163 σφαγέντα
546 4095 610 4144 coni.
624 4095 679 4144 Cot.
723 4095 771 4154 λης
782 4095 813 4160 D,
825 4100 901 4150 Hom.
914 4097 992 4157 XIII,
1008 4091 1025 4143 3
1038 4099 1062 4144 et
1074 4098 1159 4143 nostra
1171 4093 1287 4158 Epir.-

111 4184 148 4192 -
158 4154 186 4225 6)
200 4155 353 4228 ὑπομεῖναι
371 4162 403 4210 al.
421 4177 460 4228 ap.
480 4163 534 4212 Cot.
551 4189 586 4197 -
602 4158 629 4227 7)
641 4163 680 4211 Ita
723 4157 750 4228 3)
763 4160 889 4233 διαφέρει
900 4165 950 4223 BC,
964 4169 1067 4224 uterque
1080 4159 1138 4209 Cod.
1151 4160 1226 4208 Hom.
1236 4160 1253 4208 I.
1264 4175 1285 4209 c.

112 4225 188 4274 etism
200 4229 229 4290 B,
243 4224 370 4285 ἐστέναξε
383 4229 434 4290 CD,
448 4229 523 4278 Hom.
537 4229 609 4290 XHI,
623 4226 638 4276 1
655 4234 680 4278 et
723 4235 747 4278 et
759 4238 846 4282 nostra
857 4232 927 4296 Epit.
937 4223 1003 4294 -4)
1015 4225 1069 4290 [δὲ]
1084 4226 1169 4276 addidi
1180 4242 1209 4276 ex
1225 4227 1284 4276 Reo-

111 4296 199 4342 nostra
210 4293 281 4360 Epit.
305 4295 466 4360 subsequens
477 4293 532 4366 μὲν
544 4312 592 4344 om.
605 4298 633 4344 B.
646 4323 680 4332 -—
724 4297 781 4359 VII¹
794 4295 835 4348 28.
849 4292 922 4363 -5)
935 4293 1043 4352 ἑαυτοῖς
1054 4297 1076 4342 Β
1093 4289 1166 4360 -6)
1179 4295 1223 4346 uui
1237 4311 1284 4344 om.

110 4356 140 4426 8)
163 4363 307 4419 Βαλανέας
327 4362 346 4410 C
367 4369 392 4412 et
409 4362 441 4412 sl.
463 4378 502 4427 sp.
525 4363 579 4414 Cot.
598 4375 632 4398 ³-
653 4361 679 4425 9)
723 4365 798 4428 BCD,
808 4368 884 4416 Hom.
895 4365 912 4414 l.
925 4379 946 4412 c.
959 4367 985 4414 et
995 4366 1081 4412 nostra
1092 4363 1162 4430 Epit.

1068 4447 1080 4486 5
