3162 4900
253 317 318 382 330
553 327 1119 380 r.ivmsmnmnuuorsrr.oa1rr.

255 479 409 550 legendum
421 479 470 531 sit:
479 509 514 518 —
524 478 574 534 οὐκ
584 478 656 540 olda,
668 483 703 540 τί,
715 475 800 539 δόξαν
808 477 884 544 αὐτῷ
894 481 1012 546 („quum
1022 476 1143 529 eivisum
1152 475 1429 542 esset,placuisset“)

256 551 392 604 Φαῦστον
412 545 512 602 ἑαυτὸν
530 551 654 607 εἰπεῖν,
672 544 712 619 μὴ
728 551 940 605 πιστευθεὶς-
960 542 1095 616 ὥρμησεν.
1131 541 1188 596 cfr.
1202 559 1226 596 e.
1243 560 1285 612 gr.
1305 543 1428 596 Lucian.

255 616 366 685 Nigris.
383 614 426 667 II:
443 614 537 674 Δόξαν
555 611 606 667 οὖν
622 633 670 685 μοι
690 611 737 666 διὰ
756 615 862 666 πολλοῦ
876 619 1042 679 προσειπεῖν
1060 619 1199 681 Νιγρῖνον
1211 641 1255 673 -,
1270 612 1361 664 ἕωθεν
1373 614 1430 672 ἐξα-

258 681 360 743 ναστὰς
376 681 413 742 ώς
430 680 517 736 αι’-τὸν
533 680 619 750 ἀηικό
646 700 678 746 ην
695 685 761 732 cett.
796 679 917 734 Videtur
934 684 1029 731 autem
1046 677 1211 732 Dresselius
1231 685 1347 730 secutus
1364 695 1430 732 esse

255 747 399 815 Rufinum,
409 747 602 818 Recognit.X,
630 753 636 765 ⁶
658 747 697 800 ita
711 747 941 816 interpretatum:
955 751 1002 812 „et
1011 748 1077 814 quia
1086 747 1156 798 nihil
1168 745 1211 797 1111
1220 745 1429 813 respondimus,

256 818 354 871 nescio
377 817 445 886 quid
469 816 496 870 ei
521 817 611 869 visum
634 813 686 880 sit,
711 813 929 868 Faustinianum
951 830 982 866 se
1006 829 1070 866 esse
1095 813 1235 866 dicebat“.
1273 813 1430 882 Perperam

256 885 379 954 quidem.
415 884 455 936 At
473 883 535 937 lieri
556 887 653 952 potest
675 889 707 934 ut
729 880 849 934 Rufinus
870 880 1008 948 scriptum
1031 881 1201 948 reppererit:
1227 881 1318 942 εἶπεν,
1344 898 1431 950 quam

255 951 362 1004 variam
375 949 527 1004 lectionem
540 951 637 1004 favere
649 949 754 1020 aliquis
767 949 844 1002 dieat
857 953 973 1002 nostrae
987 949 1178 1018 conjecturae.

323 1017 355 1070 P.
367 1017 426 1084 415,
440 1021 452 1069 1
465 1035 525 1086 sqq.
543 1017 585 1070 sie
602 1017 662 1070 fere
680 1017 817 1085 scriptum
835 1017 924 1068 fuisse
938 1023 1017 1068 ratus
1030 1021 1075 1068 est
1088 1015 1265 1067 Dresselius:
1283 1013 1431 1088 ἐμάθομεν

257 1084 332 1156 παρά
347 1103 436 1147 τινος,
453 1084 495 1139 ὅτι
512 1084 598 1151 εὑρὼν
610 1083 697 1138 αὐτὸν
714 1083 841 1156 ὀΣίμων
859 1081 997 1156 ἐξώρμησε
1017 1080 1071 1154 [ἵνα
1085 1082 1135 1137 τὸν
1147 1089 1257 1154 Πέτρον
1268 1082 1432 1138 καταλιπών

256 1153 332 1222 αιήτηλ
352 1152 580 1228 συνοδοιπορήση
598 1151 815 1230 ὑπισχνουμένῳ
831 1148 1049 1222 ἀποκαλύπτειν]
1070 1152 1102 1204 τὰ
1121 1151 1218 1217 ἀληθῆ.
1253 1150 1367 1204 Vellem
1380 1151 1431 1203 ad—

257 1225 398 1286 notasset,
416 1225 510 1272 utrum
522 1235 574 1288 pro
595 1218 703 1284 verbis,
721 1235 793 1287 quae
813 1219 948 1271 cancellis
966 1220 1057 1286 sepsit
1074 1224 1175 1286 utpote
1187 1220 1223 1271 ab
1237 1219 1300 1336 ipso
1313 1219 1348 1270 de
1362 1233 1430 1270 oon-

254 1287 370 1356 jectura
383 1289 524 1356 reposita,
547 1287 648 1339 lacuna
664 1285 840 1338 inveniretur
856 1287 930 1338 idem
950 1285 1010 1338 fere
1028 1285 1151 1354 spatium
1168 1303 1230 1339 com
1264 1293 1377 1351 ectens,
1393 1303 1432 1338 an

258 1356 360 1407 minus.
397 1354 429 1406 In
442 1353 594 1424 Recognit.
608 1352 645 1421 X,
657 1352 691 1406 64
703 1353 775 1405 nihil
786 1353 928 1422 reperitur
939 1353 994 1404 nisi
1008 1351 1080 1406 haee
1093 1353 1194 1406 rerba:
1213 1303 1430 1421 „llompsrimus

259 1438 277 1475 a
289 1421 412 1490 quodam
426 1421 475 1490 qui
486 1438 548 1474 eum
560 1419 675 1474 Simone
686 1420 834 1488 profectus
843 1423 914 1485 est“,
928 1420 956 1472 in
969 1420 1073 1488 quibus
1083 1436 1135 1488 pro
1147 1419 1232 1491 ‚,qui⁴‘
1244 1419 1429 1474 scribendum

260 1505 323 1542 esse
337 1491 462 1558 „quia“
475 1506 561 1557 quum
573 1493 684 1540 tantum
696 1504 754 1540 uon
766 1505 817 1557 per
830 1504 860 1541 se
873 1486 980 1541 clarum
995 1488 1032 1540 sit
1044 1493 1104 1540 tum
1117 1495 1237 1556 apparet
1250 1506 1282 1541 ex
1296 1487 1340 1555 iis,
1354 1505 1428 1559 quac

255 1557 383 1626 proxime
395 1561 559 1626 sequuntur,
569 1555 758 1608 Homiliarum
768 1555 864 1608 verbis
876 1573 901 1609 v.
914 1557 1001 1624 bsqq.
1013 1555 1115 1623 positis
1129 1555 1346 1623 respondentia:
1358 1556 1429 1620 „sed

276 1625 323 1675 uia
335 1622 383 1676 hic
396 1641 452 1676 non
466 1631 524 1690 est,
541 1641 558 1676 a
578 1628 660 1691 paret
679 1621 745 1690 quia
762 1640 829 1677 vere
845 1622 918 1675 dixit
931 1625 980 1692 qui
1000 1623 1147 1676 nunciavit
1160 1639 1223 1675 eum
1237 1621 1352 1676 Simone
1365 1641 1429 1691 pro·

253 1641 362 1744 lectum
375 1695 460 1744 eett“.
496 1642 589 1756 Undis,
602 1690 657 1743 nisi
669 1693 752 1758 plura
762 1690 944 1744 intercidisse
958 1690 1091 1742 librarius
1104 1690 1167 1758 ipse
1180 1688 1363 1760 significavit,
1377 1689 1428 1742 ali·

253 1757 319 1828 quis
339 1760 530 1828 conjecturam
548 1759 656 1827 capiat,
676 1757 725 1810 illo
746 1759 809 1810 loeo
826 1758 1019 1826 reponendum
1039 1773 1116 1811 esse:
1139 1757 1181 1812 ὅτι
1202 1757 1291 1830 εὑρών
1307 1757 1430 1813 αὖτὸνὸ

252 1832 352 1899 Σίμων
368 1824 569 1899 ἐξώρμησεν
587 1827 697 1896 ἑωυτῷ
716 1824 926 1879 ἀκολουθεῖν
946 1825 992 1876 vel
1014 1824 1262 1892 ἀκολουθῆσαι.
1294 1824 1429 1879 Ceterum

253 1911 290 1946 ne
304 1893 350 1946 cui
363 1910 396 1946 ex
410 1910 453 1958 eo,
467 1893 542 1964 quod
556 1893 586 1945 in
595 1892 833 1960 interpretatione
842 1891 982 1945 Dresselii
992 1892 1084 1960 prima
1094 1894 1181 1946 verba
1193 1893 1234 1946 sie
1247 1893 1338 1946 latina
1349 1893 1430 1946 facta

256 1968 337 2013 sunt:
353 1959 569 2029 „Comperimus
583 1962 749 2029 aquodam,
769 1959 906 2012 incidisse
924 1976 987 2013 eum
1006 1959 1035 2012 in
1049 1958 1190 2013 Simonem
1204 1961 1430 2027 exhortantem“,

256 2027 382 2096 suspicio
394 2035 530 2080 nascatur
540 2030 575 2082 de
587 2027 708 2080 veritate
718 2028 873 2097 scripturae
887 2027 962 2096 typis
973 2043 1133 2096 expressae,
1144 2045 1254 2097 moneo,
1267 2045 1329 2082 eam
1338 2027 1431 2096 ipsam

255 2095 374 2164 reperiri
387 2096 415 2147 in
429 2093 594 2164 apographo
607 2094 758 2148 Dresselii.
787 2095 926 2150 Voluerat
938 2095 981 2146 vir
995 2099 1106 2160 doctus,
1119 2097 1148 2148 ni
1161 2095 1260 2148 fallor:
1273 2094 1430 2162 „incidisse

255 2162 289 2215 in
302 2179 377 2215 eum
391 2161 534 2216 Simonem
549 2162 773 2216 exhortautem“.
788 2193 823 2204 —
842 2163 938 2216 Etiam
950 2179 1025 2232 quae
1043 2181 1067 2214 v.
1081 2163 1095 2214 7
1107 2180 1168 2233 sqq.
1189 2165 1327 2233 leguntur
1344 2162 1431 2215 verba

257 2237 356 2299 aperte
369 2239 515 2298 corrupta:
533 2229 587 2302 ἐγώ
599 2234 630 2286 dt
641 2228 768 2303 Κλήμης,
782 2229 937 2300 συννοήσας
949 2229 999 2298 τὴν
1012 2233 1062 2284 τοῦ
1073 2237 1186 2300 Πέτρου
1198 2237 1372 2304 προαίρεσιν,
1386 2230 1428 2285 ὅτι

255 2296 396 2353 ὑπόνοιαν
408 2298 503 2359 αὐτοῖς
514 2300 657 2368 ἐνσπεῖραι
671 2302 759 2361 θέλει,
781 2298 817 2359 ὠς
832 2297 880 2352 τὸν
891 2303 1009 2370 γέροντα
1023 2305 1112 2366 ζητεῖν
1123 2303 1231 2372 μέλλων
1249 2297 1312 2369 παρ’
1326 2299 1427 2362 αὐτοῖς,

256 2366 413 2418 secundum
432 2363 518 2419 fidem
535 2365 695 2445 apographi
712 2365 889 2418 Dresseliani
906 2369 973 2417 sunt
995 2371 1117 2418 exarata.
1153 2365 1273 2432 Rufinus
1285 2371 1431 2435 postrema

255 2432 351 2499 verba,
365 2433 511 2502 inquibus
530 2433 630 2486 vitium
644 2437 732 2498 mest,
746 2432 952 2502 interpretatus
966 2437 1025 2485 est:
1043 2433 1129 2502 „quia
1146 2435 1267 2487 voluerit
1284 2434 1325 2486 eis
1339 2433 1430 2502 suspi-

257 2500 367 2554 cionem
381 2500 459 2566 dare,
473 2501 550 2581 quod
563 2499 599 2554 ab
613 2500 682 2570 ipsis
695 2503 874 2569 quaerendus
888 2505 966 2553 esset
979 2504 1092 2554 senex“.
1128 2501 1321 2556 Nihilominus
1333 2506 1430 2554 tamen

256 2584 312 2638 ego
324 2568 415 2637 ipsam
436 2568 523 2637 hujus
541 2567 687 2688 scriptoris
706 2585 820 2622 manum
834 2575 979 2637 praestare
998 2584 1055 2621 non
1074 2569 1174 2622 ausim.
1192 2601 1226 2610 —
1246 2569 1281 2623 V.
1294 2570 1327 2622 13
1342 2570 1430 2621 verba

253 2637 324 2708 ἐμοῦ
338 2639 423 2690 ταῦτα
435 2635 567 2698 εἰπόντος
606 2635 726 2689 issoluta
744 2636 794 2701 sie,
805 2641 838 2689 ut
851 2636 929 2689 edita
945 2641 1018 2700 sunt,
1036 2635 1165 2704 profecta
1181 2654 1237 2690 non
1254 2653 1318 2690 esse
1331 2653 1349 2689 a
1362 2635 1429 2688 scri-

252 2707 332 2772 ptore
356 2703 558 2766 Homiliarum,
579 2721 744 2774 persuasum
762 2701 864 2758 habeo.
901 2701 1044 2772 Coujieiat
1061 2703 1177 2772 aliquis:
1200 2706 1269 2783 ἐμοῦ
1287 2707 1323 2760 δὲ
1344 2707 1430 2758 ταῦτα

254 2775 309 2825 ern.
333 2769 390 2824 Sed
402 2787 488 2840 quum
503 2769 622 2824 Rufinus
635 2771 838 2840 interpretatus
855 2771 905 2824 sit:
924 2772 981 2838 „Et
994 2789 1057 2824 cum
1070 2771 1142 2824 haec
1155 2771 1318 2838 dixissem“,
1332 2771 1429 2824 neseio

254 2853 290 2890 au
302 2838 479 2906 probabilius
493 2839 543 2892 sit:
555 2846 609 2894 καὶ
622 2842 705 2911 ἐμοῦ
718 2845 785 2892 cett.
797 2869 832 2878 -
844 2837 878 2892 V.
891 2839 923 2890 14
935 2855 975 2924 sq.
989 2839 1060 2892 haec
1069 2840 1310 2908 repraesentanda
1321 2840 1427 2892 curavit

253 2903 430 2958 Dresselius:
443 2936 474 2946 ·-
487 2905 619 2981 ἀπῄεσαν,
632 2912 677 2959 καὶ
689 2907 726 2966 ὡς
737 2904 883 2980 ἐμάθομεν
896 2909 945 2972 τῆς
956 2911 1036 2976 αλλης
1054 2907 1153 2981 ἡμέρας
1173 2905 1218 2979 [ὠς
1230 2905 1354 2979 τάχιστα]
1368 2907 1425 2960 κατ’

257 2978 319 3054 λχνη
331 2979 463 3042 Σίμωνος
474 2976 521 3026 ἐπὶ
535 2973 585 3039 τὴν
597 2973 737 3027 Ἰουιλιιέαν
749 2972 888 3046 ὥρμησαν.
918 2975 956 3026 Et
966 2983 1046 3028 recte
1059 2975 1172 3044 quidem
1187 2991 1250 3028 esse
1263 2974 1425 3040 reductum:

255 3042 370 3114 ημέρας,
386 3055 436 3106 pro
457 3056 513 3108 quo
527 3036 653 3092 codexO
670 3039 789 3106 praebet
806 3038 899 3110 ἡμῶν,
921 3047 954 3094 ut
972 3044 1056 3095 etiam
1074 3044 1172 3122 paullo
1186 3059 1269 3112 supra
1282 3060 1308 3109 p.
1320 3040 1381 3108 414,
1397 3043 1428 3093 10

253 3113 394 3172 reperitur
411 3104 499 3158 dictio
517 3109 566 3168 τ”ς
583 3105 663 3172 ἀλλης
680 3105 797 3181 ἡμέρας,
819 3112 900 3161 extra
917 3109 1104 3162 dubitationis
1122 3111 1214 3163 aleam
1232 3112 1358 3176 positum
1375 3115 1427 3174 est,

254 3187 339 3242 quum
350 3171 521 3240 praesertim
558 3173 755 3253 ecognitiones
769 3175 907 3228 habeant:
921 3207 954 3215 -
966 3177 1146 3245 „discedunt
1159 3179 1232 3230 vesti
1257 3179 1284 3230 ia
1298 3175 1426 3240 Simonis,

254 3247 286 3293 ut
300 3240 432 3310 sequenti
445 3240 491 3294 die
505 3258 709 3311 comperimus,
722 3243 934 3315 insequentes“.
970 3243 1028 3298 Sed
1041 3247 1142 3298 eadem
1159 3245 1222 3314 ipsa
1259 3243 1328 3297 ufini
1342 3245 1428 3298 inter-

254 3308 379 3377 pretatio
397 3327 462 3362 seru
484 3311 563 3363 ulum
580 3309 674 3379 injicit
687 3311 724 3364 de
735 3311 859 3378 ratione,
872 3328 928 3380 qua
940 3312 1103 3366 Dresselius
1118 3320 1284 3383 sequentem
1296 3313 1427 3365 lacunam

253 3376 387 3444 explevit.
423 3328 513 3432 Nohis
535 3378 652 3449 quidem
669 3379 766 3446 potius
784 3379 967 3432 inserendum
980 3381 1106 3432 videtur:
1127 3379 1331 3445 διώκοντες,
1353 3380 1428 3449 quod

252 3450 386 3498 accurate
399 3445 556 3514 respondet
566 3446 655 3499 verbo
669 3445 903 3517 „insequentes“.
923 3447 1046 3500 Locutio
1060 3447 1172 3504 διώκειν
1183 3447 1239 3502 κατ’
1254 3455 1333 3516 ἴχνος
1345 3449 1427 3500 etiam

251 3509 322 3563 alibi
334 3513 483 3582 reperitur,
497 3530 519 3567 e.
533 3533 576 3585 gr.
588 3514 665 3582 apud
676 3514 828 3568 Platonem
844 3513 879 3566 de
891 3514 1013 3583 Republ.
1026 3515 1079 3582 III,
1092 3534 1120 3584 p.
1131 3517 1183 3570 410
1194 3516 1227 3571 Β.
1244 3547 1278 3554 -
1295 3516 1330 3570 V.
1345 3515 1377 3566 16
1387 3533 1426 3584 sq.

250 3575 322 3632 haec
343 3581 440 3648 posita
457 3589 522 3634 sunt
537 3581 643 3636 verba:
664 3612 697 3621 —
720 3573 781 3653 [ἧκέ
792 3580 842 3653 τις]
863 3585 891 3635 ἐκ
909 3585 958 3649 τῆς
970 3583 1139 3652 Ἀντιοχείας
1160 3583 1235 3653 παρὰ
1256 3581 1429 3656 τοῦπατρὸς

249 3645 372 3717 ἀγγελῶν
389 3647 473 3719 ἡμῖν,
496 3649 588 3709 πώςὸ
610 3649 701 3717 πατὴρ
723 3647 866 3723 δημο[σίᾳ]
887 3649 975 3704 αὐτοῦ
985 3655 1101 3725 μορφῆς
1122 3655 1296 3721 κατηγορῶν,
1318 3657 1428 3720 Πέτρον

251 3715 375 3784 εὐλογῶν
393 3715 443 3784 τὴν
462 3718 556 3769 πᾶσαν
569 3716 733 3784 Ἀντιοχέων
751 3715 836 3770 πόλιν
857 3723 896 3778 εἰς
913 3715 1011 3774 πόθον
1027 3723 1189 3792 μετέθηκεν.
1210 3725 1257 3772 καὶ
1278 3721 1307 3774 ἐκ
1328 3717 1428 3773 τούτου

253 3779 361 3904 μάχτμρ
373 3783 527 3902 ἐπιθυμεῖν
538 3781 625 3836 αὐτὸν
638 3786 710 3838 ἰδεῖν
721 3781 909 3854 ἀπήγγελλεν·
924 3789 1015 3846 ἐνίους
1027 3789 1058 3840 δὲ
1070 3792 1138 3840 cett.
1156 3786 1238 3839 Prior
1249 3786 1354 3840 lacuna
1367 3802 1428 3854 pro·

250 3865 459 3988 ,nlessssrssialssl'
474 3917 525 3972 sit:
545 3917 642 3987 „venit
658 3917 772 4002 quidam
792 3923 988 3986 nostrorum“,
1026 3938 1075 3976 rae
1093 3921 1185 3974 oculis
1203 3921 1340 3976 habuisse
1352 3921 1427 3974 vide·

248 3991 308 4038 tur:
334 3975 382 4054 ἧκε
393 3987 438 4040 vel
452 3984 521 4056 ἦλθε
534 4009 575 4048 τις
588 3989 644 4042 τών
657 3992 807 4059 ημετέρων.
820 3988 955 4058 Hypsaea
964 3938 1257 4044 dsSeturDresselio.
1276 3989 1426 4068 Equidem,

249 4055 405 4121 quumeod.
414 4052 437 4107 Ο
447 4055 596 4133 praebeat:
610 4054 742 4126 ἀγγέλων,
752 4054 947 4126 reponendum
959 4071 1076 4111 censeo:
1089 4057 1176 4129 ἄγγε’
1179 4063 1274 4112 λλων.
1292 4055 1428 4110 Similiter

251 4136 278 4188 p.
289 4119 351 4186 409,
365 4120 380 4172 7
398 4139 454 4174 scri
477 4132 536 4175 tum
546 4123 719 4192 reperimus:
738 4119 826 4190 (ἦλθε)
838 4153 873 4163 -
885 4124 986 4191 δηλῶν.
1022 4125 1055 4178 In
1071 4125 1165 4178 verbis
1185 4127 1244 4185 πώς
1260 4124 1275 4179 ὁ
1295 4124 1385 4194 πατὴρ
1400 4155 1426 4162 ω

249 4191 412 4265 κατηγορῶν
427 4206 491 4257 pus
504 4207 588 4260 quam
601 4189 766 4244 Dresselius
783 4207 835 4259 pro
855 4189 977 4262 exiguo,
997 4191 1111 4261 opinor,
1128 4192 1204 4262 quod
1222 4191 1250 4244 in
1267 4193 1329 4246 cod.
1343 4189 1367 4244 0
1389 4191 1428 4243 in·

248 4259 371 4318 venitur,
384 4255 505 4310 lacunae
518 4257 612 4325 spatio
624 4259 726 4311 statuit
738 4257 919 4312 intercidisse
932 4297 939 4324 ,
953 4268 1061 4313 certum
1075 4267 1126 4313 est.
1162 4261 1276 4314 Etenim
1289 4266 1318 4315 et
1331 4275 1427 4313 neces-

251 4320 356 4374 sarium
367 4321 496 4388 videtur,
519 4329 551 4378 ut
569 4323 713 4379 Simonem
729 4325 792 4394 ipso
810 4325 925 4381 nomine
944 4328 1125 4397 appellatum
1146 4327 1238 4382 fuisse
1259 4333 1427 4392 statuamus,

473 3856 521 3903 eta
533 3855 578 3903 est
590 3851 749 3903 secundum
760 3851 914 3922 Recognit
926 3853 964 3918 X,
977 3852 1020 3918 65,
1036 3855 1091 3907 nisi
1105 3855 1181 3924 quod
1194 3852 1324 3920 Rufinus,
1344 3871 1428 3924 quum
