3126 4894
563 325 718 379 armeus
735 327 877 378 reims.
1249 309 1308 377 137

131 472 197 526 dico
212 473 306 540 aaa,
327 473 386 528 uisi
404 476 497 528 renuti
509 475 627 542 scurias
643 493 719 544 aqum
739 483 764 529 ct
779 477 881 545 spiritu
896 476 926 529 iu
947 493 1043 530 marcu
1059 478 1154 557 patris
1174 477 1270 556 ctflls's'
1285 484 1310 532 ct

132 540 253 608 spiritus
265 542 365 609 sancti,
378 543 408 595 iu
420 559 533 611 requam
545 543 684 596 eaelormu
696 544 912 612 haudquaquam
928 543 1085 596 introibiuc.
1121 543 1260 608 Quocirca
1272 543 1309 599 ad

132 623 238 728 aa?
251 607 716 746 atttltrlltlttllttffi
731 608 785 731 ,li
797 609 1308 748 lae{littatltltslatltt

225 713 233 741 l
780 715 787 743 l
1081 717 1088 745 l

133 742 276 796 terminus
288 743 385 798 instet.

202 809 285 863 XlX.
321 811 401 875 Quae
416 829 482 866 cum
498 811 634 879 dixisset,
653 828 698 866 res
720 812 800 866 endi:
821 810 937 867 Gratias
953 812 1010 867 iam
1032 830 1088 884 ago
1105 813 1169 867 Deo
1190 813 1265 884 patri
1279 820 1309 868 ct

132 877 287 949 unigenito
304 878 366 932 eius
383 878 445 934 filio
462 885 491 933 ct
507 885 607 934 saneto
624 879 685 934 eius
707 897 751 934 em
769 899 782 933 s
805 880 896 947 iritui,
914 881 982 950 quia
998 880 1073 934 sicut
1090 881 1167 935 volui
1184 881 1308 951 plenitu-

133 943 232 999 dinem
246 945 428 1001 certitudinis
440 947 579 1017 aceipere,
593 948 634 1002 ita
647 947 734 1002 etiam
747 966 785 1001 m1
807 948 816 1000 i
830 949 926 1002 contin
949 965 996 1002 ere
1009 947 1087 1002 feeit.
1115 947 1176 1004 Nec
1188 948 1308 1030 posthae

133 1011 170 1066 de
184 1029 230 1067 me
244 1013 386 1068 sollicitus
405 1021 481 1082 esto,
498 1031 590 1084 neque
606 1015 682 1069 enim
699 1031 743 1068 me
760 1033 883 1085 unquam
901 967 961 1070 uffa
973 1033 1008 1070 ex
1024 1023 1104 1086 parte
1117 1015 1307 1071 haesitantem

132 1087 186 1134 aut
198 1081 317 1135 dubium
328 1088 379 1136 tua
389 1082 502 1137 tenebis
514 1082 613 1150 oratio,
626 1075 668 1136 ita
679 1089 720 1148 ut,
733 1082 846 1136 domine
859 1083 896 1136 mi
908 1085 992 1140 Petre
1029 1083 1160 1139 diffidere
1172 1085 1307 1151 nolueris,

133 1154 274 1218 tauquam
287 1149 431 1204 sentiendi
448 1151 557 1221 experti
573 1153 696 1218 maxima
707 1150 783 1204 bona
795 1151 956 1206 donaturus.
992 1121 1059 1206 heio
1072 1151 1161 1218 enim,
1178 1152 1231 1207 boc
1244 1169 1308 1206 esse

132 1215 278 1295 eiusmodi
289 1235 388 1284 unum,
402 1219 476 1288 quod
488 1217 630 1298 quispiam
642 1218 773 1272 celeriter
787 1218 883 1288 potius
894 1219 967 1274 velit
984 1219 1046 1274 acci
1068 1235 1114 1273 ere
1145 1237 1210 1272 uam
1227 1219 1307 1273 ocius

131 1299 266 1352 asseqm,
288 1285 381 1340 sentio
398 1285 473 1339 enim
490 1284 559 1338 mihi
575 1285 714 1340 velociter
730 1285 826 1340 datum
844 1285 992 1341 charisma.
1056 1303 1107 1340 acc
1125 1304 1145 1338 u
1167 1287 1175 1338 i
1195 1287 1307 1340 locutus

131 1365 207 1417 sum,
220 1349 324 1405 Petrus
337 1351 425 1406 dixit:
445 1349 574 1407 Gratiam
586 1351 678 1407 babeo
695 1352 759 1406 Deo
773 1359 802 1407 et
820 1369 870 1423 pro
888 1355 981 1408 salute
998 1359 1048 1407 tua
1060 1359 1089 1406 et
1100 1369 1150 1422 pro
1163 1371 1225 1407 mco
1238 1371 1307 1425 gau·

132 1418 194 1471 dio.
223 1417 326 1488 Itaque
344 1436 394 1490 per
409 1420 494 1473 trium
506 1419 644 1474 mensium
663 1421 725 1474 dics
738 1421 846 1484 ieiuna,
863 1426 893 1475 et
905 1421 1077 1492 baptismum
1090 1425 1219 1474 sanetum
1233 1422 1307 1475 acci·

131 1485 214 1555 pies;
236 1493 380 1541 caeterum
392 1487 459 1542 inde
470 1505 489 1542 a
500 1489 625 1542 erastino
638 1488 685 1542 die
697 1488 800 1558 incipe.
835 1488 899 1542 Erit
915 1495 1010 1542 autem
1029 1487 1098 1540 mibi
1115 1505 1180 1542 cras
1190 1507 1251 1541 sum
1264 1488 1306 1543 Si·

132 1569 219 1607 mone
301 1572 317 1610 o
330 1555 500 1626 disputatio,
517 1573 571 1610 nce
583 1556 723 1627 ambigas,
736 1555 806 1610 mihi
817 1555 919 1609 adesse
932 1556 963 1610 in
974 1555 1186 1610 adversantium
1197 1561 1306 1610 contro-

132 1571 345 1700 yemiiffiuae
358 1641 421 1676 cum
435 1623 562 1689 dixisset,
576 1630 605 1678 et
618 1623 679 1694 ipse
692 1623 785 1678 cibum
799 1623 928 1694 sumpsit,
942 1629 971 1677 et
980 1640 1025 1676 me
1036 1623 1188 1693 separatim
1198 1641 1306 1678 sumere

132 1689 230 1742 iussit.
266 1689 425 1744 Benedicto
439 1697 534 1745 autem
547 1691 611 1746 cibo
625 1699 654 1746 et
666 1691 769 1764 gratiis
779 1690 905 1772 peractis
916 1689 987 1745 hacc
1001 1689 1160 1744 subiunxit:
1180 1691 1240 1744 Det
1252 1690 1307 1744 tibi

133 1755 228 1823 Deus,
241 1762 274 1811 ut
286 1758 315 1812 in
328 1759 458 1812 omnibus
469 1758 539 1812 mibi
551 1759 653 1813 similis
666 1757 817 1826 efficiaris,
832 1764 920 1828 utque
932 1758 1096 1830 baptizatus
1109 1758 1236 1812 eiusdem
1249 1775 1305 1812 me·

133 1841 200 1878 cum
221 1826 368 1897 particeps
386 1825 440 1881 tias
461 1843 584 1881 mensae.
619 1827 728 1892 Quibus
745 1827 831 1882 dictis
843 1827 990 1897 quiescere
1001 1844 1047 1882 me
1064 1828 1226 1898 praecepit3
1249 1826 1304 1880 iam

135 1892 214 1946 cuim
228 1898 258 1946 et
270 1911 397 1948 somnum
410 1899 512 1949 natura
524 1895 649 1965 corporis
662 1911 696 1950 ex
718 1895 823 1950 atebat.

205 1959 273 2012 XX.
287 2029 293 2040 Ι
307 1961 426 2016 Postero
439 1962 448 2015 i
471 1962 528 2016 itur
540 1961 586 2017 die
599 1979 654 2034 ego
668 1913 809 2029 climens,
824 1980 887 2018 eum
899 1961 992 2017 adhuc
1004 1979 1060 2016 nox
1073 1970 1158 2029 esset,
1172 1977 1306 2082 experffe·

134 2025 233 2081 factus
244 2029 295 2082 ubr
308 2029 448 2096 intellexi,
487 2036 577 2084 etrum
589 2029 710 2102 vigilare
723 2036 752 2084 et
764 2048 828 2084 eum
840 2031 890 2097 iis,
903 2031 951 2101 qui
964 2047 1021 2084 una
1032 2029 1165 2096 aderant,
1178 2030 1213 2083 de
1226 2047 1261 2082 cu
1274 2035 1306 2082 tu

135 2095 195 2149 Dei
208 2095 348 2151 disserere
361 2099 454 2169 (erant
465 2103 559 2152 autem
573 2097 712 2165 sedecim,
726 2115 842 2168 quorum
855 2104 884 2153 et
896 2099 1011 2154 nomina
1023 2115 1164 2168 apponere
1176 2097 1262 2164 volui,
1274 2103 1307 2150 ut

134 2164 253 2232 quinam
270 2164 292 2216 ii
308 2182 421 2235 quoque
438 2165 557 2231 fuerint,
579 2165 725 2220 addiscas:
744 2165 850 2236 primus
871 2165 1034 2221 Zacchaeus
1075 2166 1197 2220 uondam
1213 2164 1305 2236 publi-

134 2247 226 2285 canus
238 2238 269 2285 et
280 2231 438 2303 Sophonias
451 2233 512 2288 eius
523 2233 624 2299 frater,
641 2232 780 2304 Iosephus
798 2235 915 2304 eiusque
929 2234 1035 2288 sodalis
1080 2233 1210 2299 lebaeus,
1227 2250 1306 2303 prae-

133 2305 216 2354 terea
227 2297 353 2354 Thomas
365 2307 395 2355 et
403 2301 549 2355 Elicueru's
558 2301 675 2372 gemini,
689 2310 718 2355 et
726 2300 821 2355 Encas
831 2301 973 2368 sacerdos,
986 2307 1015 2354 et
1024 2299 1150 2355 Lazarus
1163 2301 1305 2368 sacerdos,

134 2383 221 2487 {uem
236 2385 254 2421 a
271 2369 388 2422 mortuis
406 2368 543 2423 excitavit
563 2368 779 2439 quatriduanum
797 2369 926 2421 dominus
949 2375 1046 2422 noster
1062 2369 1142 2421 Iesus
1165 2367 1304 2434 Christus,

161 2435 279 2502 lisaeus,
291 2435 442 2490 Beniamin
455 2435 579 2506 Saphrae
591 2435 678 2502 filius,
691 2436 792 2489 itidem
803 2435 925 2489 Rubilus
938 2441 967 2488 ct
980 2435 1131 2489 Zacharias
1144 2435 1304 2500 architecti,

134 2501 266 2583 Ananim
278 2510 309 2557 et
319 2503 456 2576 Aggasus
468 2503 618 2570 Iammeni,
635 2520 746 2557 necnon
758 2502 877 2582 llicetas
893 2508 923 2556 et
934 2501 1050 2622 mil}-
1059 2502 1150 2568 soeii),
1166 2519 1221 2572 ego
1238 2519 1305 2571 quo-

135 2587 190 2642 que
203 2589 232 2624 m
271 2570 1091 2708 sssffflfflffieiffiffitpesffirgfigussetgffuffi{offisirut
1104 2653 1135 2690 se
1148 2645 1305 2703 excusaret,

136 2707 287 2762 certiorem
299 2725 344 2762 me
360 2707 445 2774 feeit,
463 2725 512 2761 cur
523 2724 567 2761 me
584 2725 641 2760 non
653 2704 895 2777 expergefecisset
907 2707 943 2758 ad
957 2721 1113 2759 sermonem
1125 2704 1306 2770 audiendum,

137 2791 255 2829 eausam
268 2775 436 2846 significans
448 2775 513 2829 navi
537 2774 642 2828 ationis
654 2773 827 2840 molestiam3
839 2790 905 2827 nam
917 2773 997 2826 illam
1009 2772 1079 2825 mibi
1093 2772 1186 2826 sedari
1198 2772 1306 2837 volens,

136 2843 286 2912 quiescere
298 2860 343 2897 mc
356 2843 476 2898 sinebat.
531 2842 621 2896 terrim
632 2841 744 2911 quaudo
756 2841 851 2895 anima
863 2841 940 2895 circa
951 2840 990 2907 id,
1004 2841 1080 2910 quod
1092 2840 1202 2911 corpori
1216 2839 1306 2906 deest,

135 2917 304 2981 occupatur,
318 2911 476 2966 doctrinam
488 2911 614 2966 oblatam
626 2927 692 2975 non,
704 2917 787 2979 prout
800 2909 892 2976 decet,
905 2907 1096 2978 amplectitur.
1132 2911 1308 2978 Quapropter

137 2978 320 3032 sermocinari
333 2979 399 3034 nolo
413 2996 475 3032 cum
488 2978 538 3044 iis,
558 2979 606 3048 qui
618 2983 668 3032 aut
681 2977 852 3031 calamitatis
865 2975 1023 3047 cuiuspiam
1036 2994 1123 3031 causa
1139 2975 1307 3030 contristan-

137 3051 192 3112 tur,
205 3047 254 3100 vel
267 3045 417 3100 immodice
431 3046 603 3112 irascuntur,
616 3045 663 3098 vel
676 3044 705 3097 in
717 3045 819 3099 amoris
831 3045 940 3100 rabiem
953 3060 983 3098 se
996 3049 1173 3110 convertunt,
1192 3043 1238 3098 rel
1249 3061 1308 3098 eor-

136 3114 214 3236 poris
227 3114 325 3168 labore
339 3114 491 3185 defatigati
504 3119 578 3180 sunt,
590 3113 638 3166 vel
649 3129 667 3166 a
679 3112 754 3165 curis
767 3113 942 3167 secularibus
953 3119 1099 3180 vexantur,
1111 3113 1158 3166 vel
1170 3112 1236 3166 aliis
1243 3111 1308 3232 gai-

157 3184 259 3236 usdsm
271 3182 422 3236 turbantur
433 3180 600 3247 affectibus,
618 3180 652 3234 in⁷
665 3179 768 3248 quibus
784 3179 945 3234 hominibus
958 3180 1061 3246 anima,
1074 3180 1241 3249 quemadmo
1262 3197 1307 3231 um

138 3249 207 3316 dixi,
220 3249 377 3304 concidens
389 3257 495 3304 etcum
509 3267 541 3304 co
576 3265 624 3302 ore
636 3265 670 3303 ae
706 3253 804 3301 otante
817 3248 972 3301 condolens
984 3253 1070 3300 vacat
1082 3264 1133 3300 sua
1149 3246 1308 3316 prudentia.

205 3317 304 3371 XXII.
339 3317 439 3387 Neque
452 3317 531 3371 dicat
543 3334 560 3370 a
574 3315 663 3386 iquis:
704 3333 741 3368 on
754 3331 784 3367 cr
805 3320 943 3384 ooportet
955 3313 1164 3366 consolationes
1174 3319 1203 3366 et
1213 3313 1307 3366 admo·

136 3384 263 3439 ultiones
276 3385 313 3438 iis
329 3385 493 3451 admovere,
511 3383 559 3454 qui
575 3384 643 3438 mali
659 3331 892 3460 aliquid-habent
909 3397 943 3434 ac
955 3385 1065 3460 gerunt.
1099 3377 1169 3432 Aio:
1187 3379 1307 3458 Quodsi

137 3453 254 3521 quidem
266 3453 371 3522 aliquis
383 3452 505 3524 proficit,
519 3451 669 3518 adhibeat3
683 3451 727 3504 sin
739 3465 840 3514 minus,
853 3453 972 3517 tempori
982 3446 1137 3524 concedat·
1147 3444 1212 3498 Scio
1223 3461 1307 3510 emm,

137 3525 245 3574 cuncta
256 3519 361 3575 habere
374 3537 454 3574 suum
465 3527 586 3590 tempus.
621 3519 713 3583 Quare
725 3522 839 3586 oportet
851 3531 1008 3595 sermones,
1026 3530 1074 3582 qur
1091 3511 1308 3592 ammum'robo-

135 3593 210 3654 rant,
222 3587 386 3642 bominibus
397 3597 464 3642 aute
476 3588 656 3642 vexationem
667 3585 794 3652 tradere,
813 3589 845 3638 ut
861 3601 886 3636 si
898 3582 967 3652 quid
982 3581 1056 3636 forte
1067 3598 1148 3651 pravi
1159 3578 1307 3645 acciderit,

136 3672 219 3708 mens
230 3655 307 3724 prius
320 3662 428 3711 armata
439 3661 519 3710 recta
530 3653 641 3709 ratione
654 3653 747 3724 possit
759 3653 789 3705 id
800 3651 933 3724 perferre,
947 3649 1023 3721 quod
1032 3649 1144 3703 illatum
1154 3658 1204 3703 est.
1225 3647 1308 3702 Tunc
1384 3701 1388 3710 ,

136 3721 244 3792 quippe
262 3722 303 3789 ei,
323 3723 372 3793 qui
389 3723 457 3778 boni
476 3722 591 3777 consilii
607 3738 661 3792 ope
674 3720 786 3788 existit,
803 3737 883 3774 mens
895 3717 925 3772 in
937 3719 1000 3790 ipsa
1013 3715 1234 3772 conflictationis
1246 3716 1307 3772 acic

189 3915 250 3982 erp.
263 3914 337 3964 XIX.
355 3908 383 3981 1)
394 3911 516 3982 παρέσχε
529 3913 558 3962 0.
569 3937 604 3946 -
615 3907 644 3978 2)
658 3905 703 3960 ὅτι
745 3909 821 3959 iidem
833 3908 885 3959 sint
896 3907 1008 3958 Ismucni
1020 3907 1063 3972 qui
1071 3903 1219 3956 Iumnitae2
1230 3907 1308 3955 Maec.

138 3979 251 4034 ἔνεστιν
274 3967 315 4033 ὧν
335 3983 364 4032 Ο.
388 4007 422 4016 -
449 3975 478 4046 3)
503 3975 519 4030 ὁ
543 3995 591 4028 οιιι.
616 3979 645 4028 0.
670 4005 703 4013 —
746 3976 809 4038 XII,
832 3971 856 4024 9.
892 3978 926 4024 At
949 3974 1024 4024 lectio
1044 3974 1155 4039 Epitom.
1172 3971 1308 4050 Ἀμμηινοὶ

136 4047 166 4116 4)
180 4046 278 4101 ἀποκει
304 4050 418 4100 ένωνθ.
434 4073 469 4084 -
490 4043 519 4113 ὁ)
534 4040 658 4110 ζητήσεσι
673 4047 703 4094 0.
746 4043 837 4110 exponi
848 4048 931 4108 potest
943 4059 988 4107 per
1000 4041 1126 4090 civitatem
1139 4043 1307 4089 nomincAm·

190 4118 251 4168 Ca.
275 4067 335 4166 §IX
370 4111 396 4182 l)
425 4116 574 4180 θεολογίας
594 4114 637 4162 Or.
660 4113 704 4161 'Ii-
746 4127 795 4173 mu,
808 4110 838 4158 dc
850 4126 899 4173 qua
913 4111 963 4159 los.
976 4108 1049 4166 XIX,
1061 4105 1103 4156 30.

136 4187 214 4235 seben
233 4184 302 4244 crib,
319 4183 379 4233 item
395 4187 480 4232 noster
499 4182 575 4231 Hom.
593 4180 652 4230 (lod.
670 4206 705 4215 -
798 4177 857 4242 Cap.
870 4177 942 4225 XXI.
978 4170 1004 4239 1)
1019 4167 1219 4251 ruiv'loynrvO.
1296 4239 1306 4250 ἡ

136 4249 166 4316 2)
180 4254 223 4303 Or.
238 4250 361 4314 ludium.
380 4277 410 4286 —
429 4245 458 4317 3)
470 4243 615 4313 Ῥούβηλος
627 4248 705 4296 V.-
799 4243 858 4309 Cup.
877 4240 965 4291 XXII.
1001 4237 1110 4318 Ilrors
1128 4234 1183 4322 γὰρ
1204 4242 1248 4292 rel
1268 4257 1305 4306 ιῳ

136 4314 164 4380 4)
177 4317 313 4390 'muriunt
325 4317 354 4368 0.
367 4317 473 4368 coteler.
486 4315 600 4365 adnotat:
626 4315 704 4364 Forte
746 4307 794 4363 διὰ
805 4305 917 4425 γνώςῃς
930 4305 1036 4386 riyultuc
1046 4312 1218 4387 portuosus!
1231 4310 1305 4358 Horu.

138 4386 299 4437 scribendum
321 4380 477 4454 Ἰαμνηνοὶ,
509 4399 525 4432 s
544 4382 653 4444 lamnis,
676 4387 705 4431 ut
747 4380 781 4440 Π,
803 4376 827 4428 3.
888 4377 908 4425 ι1
931 4375 1055 4426 eiusmodi
1078 4377 1148 4442 upa.
1170 4391 1191 4425 e.
1212 4373 1253 4429 Ὦ.
1274 4401 1307 4412 «-
1370 4445 1375 4456 .
