3162 4900
371 327 416 376 λιι
430 327 627 378 etnunnris
640 329 722 380 aon.
737 329 830 385 Quas
842 329 919 378 rna.
931 329 1110 382 somnias.
1263 317 1324 382 281

179 483 258 529 εσβαι
275 480 382 536 πίστει,
404 472 498 545 λόγοις
516 475 592 543 apud
611 475 623 528 l
645 476 753 528 natium
766 475 818 545 Ep.
831 493 857 546 p.
871 475 904 528 19
921 482 949 529 et
966 475 1094 530 Leonem
1111 476 1233 532 Diacon.
1245 496 1271 548 p.
1283 480 1326 548 20,

147 497 177 596 ἔ
193 573 228 580 -
244 541 278 594 V.
297 541 330 594 14
348 540 430 594 nihili
448 541 605 598 astatoria
626 492 808 610 hehweglero
826 545 1063 599 commendatum.
1097 545 1194 600 Proba
1214 546 1327 600 videtur

148 610 288 664 librorum
302 610 455 676 scriptura:
469 609 505 670 ὠς
523 615 561 671 είς
574 608 625 665 τὸν
642 612 693 664 τοῦ
707 616 847 683 Καίσαρος
858 609 954 682 λόγον,
975 613 1130 680 „tanquam
1143 613 1180 666 ad
1197 612 1324 667 similitu·

148 677 245 730 dinem
259 675 419 729 Caesaris“.

217 738 249 797 P.
262 743 321 811 222,
334 743 351 796 3
363 743 531 812 recipienda
541 750 604 797 erat
615 744 723 799 codicis
737 744 760 799 Ο
772 746 873 798 lectio:
893 751 1023 807 πεισθεὶς
1039 752 1094 802 εἴτε
1112 751 1205 816 λαβεῖν
1217 753 1279 802 εἴτε.
1293 778 1323 788 -

148 813 184 866 V.
198 811 231 864 13
243 829 306 882 sqq.
319 810 426 864 editum
441 817 498 864 est:
511 811 578 866 αὐτὸ
592 816 642 875 (sc.
655 811 687 868 τὸ
700 812 791 884 ὄνομα
805 811 882 874 Θεὸς)
898 814 997 887 ἀτιμίᾳ
1015 812 1086 870 ὅσον
1104 813 1136 868 τῦ
1153 813 1211 870 κατ’
1224 813 1326 876 αὐτοὺς

148 880 297 948 ὑπέβαλον.
311 884 339 933 ολ
350 880 404 950 μὲν
418 878 471 949 γὰρ
484 879 576 935 αὐτῶν
588 882 750 950 παρέδοσαν
768 883 837 949 βοῦν
855 880 905 936 τὸν
917 881 1071 954 λεγόμενον
1087 879 1136 936 Ἄνι
1142 901 1169 937 ιν
1186 887 1284 952 σέβειν,
1298 887 1326 937 ολ

148 950 181 1002 δὲ
203 945 318 1018 τράγον,
344 950 372 1000 οἱ
392 949 423 1001 di
443 952 586 1016 αἴλουρον,
612 951 640 1002 oi
661 949 691 1002 δὲ
712 947 794 1018 ὅφιν,
815 947 946 1002 ἀλλὰκαὶ
968 949 1052 1018 Ιχβὺν
1072 954 1118 1004 καὶ
1133 947 1264 1025 κρόμμυα
1280 957 1325 1006 καλ

148 1017 281 1086 γαστρῶν
302 1011 449 1088 πνεύματα
468 1019 513 1068 ναὶ
530 1013 645 1086 ὀχετοὺς
660 1021 705 1070 καὶ
722 1013 831 1086 ἀλόγων
853 1014 928 1079 ζώων
944 1021 1022 1092 μέλη.
1044 1023 1090 1070 καλ
1105 1016 1198 1079 ἄλλοις
1213 1025 1326 1094 μυρίοις

149 1081 227 1139 πάνυ
239 1087 366 1162 αἰσχροῖς
377 1081 564 1152 ἀτοπήμασιν.
591 1081 694 1135 Mirum
707 1089 760 1150 est,
772 1083 950 1136 nullumdurn
964 1084 1119 1138 offendisse
1132 1087 1161 1138 in
1173 1084 1325 1153 postremis

147 1151 253 1228 verbis,
268 1165 375 1219 quippe
388 1165 461 1220 quae
473 1167 530 1204 non
544 1147 682 1218 habeant,
696 1151 776 1235 pnde
787 1152 942 1218 pendeant.
970 1151 1075 1231 ,Possit
1088 1152 1204 1223 quidem
1217 1152 1323 1223 aliquis

147 1223 281 1350 bitti
295 1217 506 1354 illi‘ililld.
519 1221 1269 1366 t³t.tttt?²t‚ttt.t.tttirhtil?:itt
1286 1225 1325 1340 li·

147 1351 337 1405 nihilominus
356 1351 536 1405 contumeliis
557 1368 660 1405 nomen
673 1351 941 1407 incommunicabile
961 1353 1153 1422 subjecerunt.
1189 1351 1262 1406 Nam
1275 1353 1325 1406 alii

147 1437 247 1474 eorum
268 1419 370 1474 bovem
406 1421 454 1489 qui
477 1418 550 1488 Apis
572 1419 690 1486 dicitur,
716 1421 865 1474 colendum
887 1419 1046 1485 tradidere,
1068 1419 1119 1473 alii
1134 1419 1258 1488 hircum,
1274 1422 1324 1475 alii

149 1493 257 1554 cattas,
278 1460 409 1539 nonnulli
426 1486 508 1554 ibim,
527 1486 643 1557 quidam
661 1493 834 1555 serpentem,
855 1487 963 1556 piscem
982 1504 1111 1558 quoque,
1129 1493 1159 1540 et
1170 1504 1283 1557 caepas,
1296 1495 1326 1542 et

149 1556 274 1617 cloacas,
288 1571 335 1606 ere
358 1553 414 1606 itus
426 1554 544 1623 ventris,
557 1571 610 1623 pro
622 1553 785 1607 numinibus
797 1553 945 1608 habendos
959 1570 1021 1608 esse
1035 1556 1203 1622 docuerunt,
1219 1561 1248 1608 et
1266 1556 1325 1611 alia

147 1570 372 1676 innumerabilia
385 1637 459 1691 quae
466 1623 563 1701 pudet
575 1621 660 1676 etiam
677 1621 851 1676 nominare.“
885 1621 985 1675 Facile
1002 1627 1122 1691 apparet
1137 1622 1253 1688 librum,
1266 1641 1323 1694 quo

147 1690 287 1744 utebatur
306 1686 442 1758 Rufinus,
464 1707 492 1741 m
513 1689 568 1743 hac
590 1696 671 1759 parte
690 1688 914 1744 emendatiorem
934 1688 1034 1744 fuisse.
1068 1690 1102 1742 In
1119 1706 1153 1744 eo
1172 1691 1246 1744 enim
1266 1709 1324 1746 non

147 1758 243 1812 solum
268 1762 335 1810 ante
360 1762 387 1810 ot
408 1759 439 1812 dl
460 1755 529 1828 ὅφιν
557 1763 668 1811 servata
692 1763 775 1810 erant
802 1757 903 1812 verba:
931 1760 963 1810 ot
988 1759 1022 1812 σὲ
1045 1759 1125 1827 ἶβιν,
1157 1758 1208 1811 sed
1238 1758 1324 1813 etiam

146 1831 297 1894 postrema
317 1824 419 1892 verba,
445 1825 480 1878 de
502 1825 605 1894 quibus
623 1826 803 1894 potissimum
822 1827 929 1895 agitur,
950 1823 1035 1879 aliter
1052 1831 1081 1879 et
1097 1825 1191 1895 aptius
1209 1825 1324 1897 quidem

147 1891 270 1978 tradita,
288 1891 330 1946 sic
343 1891 457 1961 opinor:
477 1923 510 1931 —
530 1897 611 1964 μέλη,
630 1899 675 1947 καλ
694 1892 775 1948 ἄλλα
791 1892 906 1968 μύρια,
926 1891 1001 1948 πάνυ
1021 1892 1148 1966 αἰσχρὰ
1167 1901 1222 1949 καλ
1241 1893 1323 1950 ὀνο-

178 1977 268 2016 aaut.

147 1983 170 2032 μ
217 2027 249 2080 Ρ.
261 2027 350 2095 2236
369 2044 410 2096 sq.
429 2026 568 2096 scriptum
588 2030 743 2096 reperitur:
763 2029 823 2089 πῶς
840 2030 871 2083 δὲ
887 2027 1008 2083 ιαίιιεῑνοι
1025 2027 1105 2102 ὑμῶν
1122 2029 1323 2099 καταγελῶντες

146 2101 290 2165 λέγουσιν’,
316 2093 465 2149 ἀκούσατε·
486 2094 573 2166 ήμεις,
595 2102 697 2168 φασίν,
718 2101 742 2152 εἰ
764 2103 810 2151 καλ
833 2095 993 2165 θνήσκοντα
1016 2097 1234 2167 προσκυνοῦμεν
1257 2103 1324 2151 cett.

148 2169 246 2220 Φασίν
257 2162 386 2231 reposuit
406 2160 613 2231 Schweglerus.
640 2163 723 2217 Libri
740 2181 838 2216 mser:
860 2170 956 2243 (μησίν.
990 2161 1030 2215 At
1047 2163 1134 2230 enim,
1152 2181 1325 2234 quamquam

145 2230 277 2312 proxime
288 2231 441 2309 sequitur:
462 2231 536 2310 πρὸς
556 2230 668 2293 τούτοις
686 2239 786 2303 ιμισίν,
806 2248 904 2284 nescro
927 2230 1061 2302 equidem
1082 2249 1119 2284 an
1141 2230 1210 2284 ferri
1254 2234 1326 2287 ossit

145 2299 230 2362 illud,
242 2314 354 2419 Iqqrppe
367 2298 444 2367 quod
458 2314 573 2368 saepius
585 2297 670 2367 plane
687 2299 861 2366 respondeat
879 2299 1060 2368 germanicae
1078 2297 1198 2351 dictioni
1215 2250 1326 2377 „heisst

146 2371 207 2421 es“.
309 2365 397 2418 verbo
439 2371 504 2434 ησλν
521 2365 597 2420 nude
613 2365 709 2435 posito
729 2366 779 2418 cfr.
821 2382 876 2420 uae
893 2365 1113 2434 disputaverunt
1129 2365 1265 2419 Davisius
1286 2370 1324 2421 ad

146 2434 264 2490 Maxim.
277 2432 345 2501 Tyr.
359 2450 386 2501 p.
398 2387 449 2487 tit
461 2438 490 2486 et
507 2434 544 2487 ad
557 2433 686 2488 Ciceron.
704 2383 859 2486 Tuscuian
874 2433 895 2498 l,
907 2432 949 2498 39,
967 2431 1119 2501 Bentlejus
1137 2438 1165 2484 et
1182 2431 1324 2512 Heindor-

145 2501 203 2555 fius
216 2501 253 2554 ad
265 2499 366 2553 Horat.
381 2498 471 2555 Serm.
482 2501 505 2570 I,
517 2500 542 2570 4,
555 2500 596 2568 79,
610 2500 795 2556 Heindorfius
812 2501 848 2554 ad
860 2500 970 2554 Platon.
985 2499 1091 2568 Georg.
1106 2497 1133 2552 S.
1141 2499 1198 2567 166,
1211 2499 1324 2555 Heinri-

148 2569 234 2624 chius
247 2569 285 2622 ad
297 2567 428 2624 Juvenal.
442 2565 500 2622 Sat.
512 2569 563 2636 III,
577 2571 639 2630 153,
659 2567 816 2622 Creuzerus
829 2569 865 2622 ad
883 2567 985 2621 Plotin.
999 2569 1044 2622 ed.
1058 2567 1212 2622 Oxoniens.
1225 2569 1258 2621 Τ.
1271 2569 1325 2637 ΙΙΙ,

170 2637 215 2703 .3,
227 2635 437 2690 Boissonadius
449 2637 487 2689 ad
503 2636 607 2690 Marini
619 2636 677 2691 vit.
690 2637 784 2690 Procli
819 2636 896 2690 ,142
931 2636 1008 2691 Usus
1027 2634 1163 2689 dictionis
1179 2636 1325 2706 nequein

146 2655 284 2758 homiliis
297 2705 338 2756 ita
350 2720 440 2766 rarus,
454 2705 505 2758 cfr.
519 2721 543 2758 e.
555 2722 598 2774 gr.
610 2721 637 2773 p.
649 2703 706 2768 184,
719 2705 744 2770 1,
762 2655 821 2772 20i,
835 2704 876 2771 18,
893 2703 953 2768 227,
966 2704 984 2756 4
995 2710 1024 2756 et
1035 2704 1060 2770 9,
1073 2703 1184 2771 233,12,
1197 2721 1223 2772 p.
1237 2704 1296 2772 234,
1307 2705 1325 2758 8

147 2770 405 2852 et16,23{3,16.--¹
423 2771 458 2826 V.
470 2773 495 2852 8.
507 2772 604 2851 forsan
625 2772 821 2850 scribendum:
837 2771 894 2828 ἀλλ’
917 2769 969 2827 οὖν
1006 2791 1030 2832 ε,
1072 2771 1157 2823 uibus
1175 2773 1325 2840 particulis

141 2787 1079 2965 ettamarramterraern-nti
1097 2839 1326 2961 ttrite

146 2930 261 3029 nullarii
280 2928 364 3028 video
381 2975 532 3055 rationem,
555 2925 606 3029 chr
623 2948 823 3046 Schweglerus
843 2975 1012 3044 scripturam
1033 2929 1182 3046 utriuquuce
1200 2949 1323 3030 codicis:

146 3044 348 3110 ἀποκρίνασθε,
360 3044 513 3096 mutaverit
524 3061 566 3096 m:
578 3042 775 3114 ἀποκρίνασθε.
810 3044 890 3098 Idem
904 3044 988 3099 homo
1005 3045 1107 3098 doctus
1119 3061 1145 3112 p.
1158 3044 1216 3112 239,
1228 3044 1245 3096 ὑ
1260 3044 1321 3114 pari

148 3111 256 3180 injuria
272 3127 324 3178 pro
337 3114 468 3180 γένεσθε,
489 3113 567 3181 quod
587 3111 676 3165 estin
695 3110 777 3164 libris
794 3129 884 3180 mser,
901 3112 1043 3182 reposuit:
1060 3117 1182 3182 γίνεσθε.
1219 3111 1326 3167 Contra

147 3197 177 3248 p.
190 3177 249 3240 248,
263 3177 295 3230 17
308 3176 431 3230 intactos
443 3177 598 3248 reliquerat
608 3178 708 3231 aoristi
720 3178 904 3248 imperativos
916 3180 1053 3254 καθήρατε
1067 3187 1095 3232 et
1108 3179 1241 3242 πλύνατε,
1256 3199 1324 3250 quo·
1417 3242 1419 3245 ,

146 3264 211 3300 rum
224 3246 414 3315 posteriorem
427 3245 602 3315 Dresseliue,
616 3247 745 3300 codicem
759 3247 782 3300 0
797 3252 927 3315 secutus,
943 3263 1043 3316 parum
1061 3252 1129 3313 apte
1142 3248 1326 3301 commutavit

149 3331 215 3368 cum
236 3312 398 3382 praesentis
416 3313 585 3382 imperativo
603 3311 728 3369 πλῦνετε.
749 3343 779 3352 -
802 3312 837 3366 V.
851 3313 884 3366 14
897 3333 958 3384 sqq.
976 3315 1004 3366 in
1022 3313 1129 3364 verbis:
1152 3317 1180 3366 ολ
1201 3313 1323 3388 μὲνγὰρ

149 3381 231 3455 ὑμῶν
242 3379 391 3454 κρόμμυον
403 3379 611 3448 ὑπονοήσαντες
623 3384 692 3436 εἶναι
705 3380 738 3436 τὸ
752 3387 832 3436 θεῖον
846 3387 893 3436 καὶ
904 3379 1025 3453 γαστρὸς
1038 3378 1185 3452 πνεύματα
1197 3386 1324 3450 σέβοντες

148 3451 340 3520 πολεμοῦσιν·
362 3453 408 3502 καὶ
431 3448 520 3510 οὑτως
541 3449 646 3522 ὁμοίως
669 3453 697 3503 οἱ
721 3447 824 3509 πάντες
841 3451 872 3504 ἕν
894 3471 918 3503 τι
941 3443 1165 3518 προτιμήσαντες
1186 3446 1220 3502 τὰ
1236 3445 1325 3503 ἄλλων

150 3522 261 3588 ψέγετε,
275 3514 406 3568 lacunam
421 3532 482 3570 esse
494 3523 561 3584 post
574 3518 728 3590 πολεμοῦσι
742 3532 910 3584 persuasum
927 3515 1028 3571 habeo.
1064 3514 1135 3568 Erat
1150 3520 1245 3568 autem
1258 3521 1325 3583 post

149 3584 206 3638 hoc
216 3584 309 3652 ipsum
318 3582 489 3638 vocabulum
501 3585 608 3638 mentio
620 3583 727 3655 injecta
737 3601 842 3652 eorum,
856 3583 1027 3655 quibuscum
1034 3591 1197 3654 pugnarent
1206 3599 1324 3651 caepam

151 3669 235 3704 suum
248 3666 352 3704 numen
366 3651 561 3706 existimantes
575 3657 604 3706 et
614 3652 722 3707 ventris
736 3651 862 3721 crepitus
876 3650 1019 3718 colentem
1037 3651 1140 3706 deinde
1154 3650 1324 3719 sequebatur

149 3721 243 3772 altera
262 3717 402 3772 enuntiati
420 3735 487 3787 pars
504 3721 540 3773 ab
559 3725 587 3774 ot
603 3722 634 3775 ὑλ
653 3719 806 3789 incipiens,
828 3721 857 3772 in
877 3737 934 3791 qua
954 3738 1052 3774 rursus
1069 3719 1131 3775 bini
1149 3719 1323 3772 diversorum

150 3786 279 3840 cultores
298 3784 373 3838 inter
394 3802 425 3838 se
444 3785 618 3840 dissidentes
646 3789 952 3857 commemorabantur,
975 3795 1036 3842 tum
1059 3789 1170 3842 demum
1194 3785 1325 3857 subjicie-

149 3854 255 3907 bantur
266 3853 355 3906 verba
366 3857 411 3908 καλ
423 3851 511 3915 σῦτιιις
523 3854 628 3926 ὁμοίως
641 3873 702 3936 sqq.

217 3921 250 3974 P.
262 3918 344 3985 224,1
359 3919 490 4042 equidem
500 3931 566 3976 ante
580 3923 620 3978 ἔτι
634 3923 774 3978 excidisse
784 3925 899 3993 opinor:
912 3925 1017 3987 ἔνιοι,
1030 3923 1086 3976 nisi
1098 3923 1162 3993 quis
1172 3921 1285 3988 mavult,
1295 3922 1325 3974 in

150 3987 212 4058 ipso
231 3986 371 4042 vocabulo
399 4009 423 4042 τι
442 3989 544 4044 latere:
562 3993 642 4046 ἔνιοι.
653 4021 687 4030 -—
708 3989 743 4044 V.
758 3990 775 4042 3
792 4009 877 4060 quum
893 3992 955 4045 cod.
970 3989 993 4044 Ο
1011 4008 1062 4058 pro
1079 3990 1228 4048 ἀπονοίας,
1247 3989 1323 4056 quod

150 4061 195 4110 est
207 4057 236 4109 in
250 4057 313 4109 cod.
328 4052 359 4122 G,
372 4056 525 4125 praebeat:
543 4061 682 4124 ἐπινοίας,
701 4057 773 4110 illud
790 4075 858 4112 vero
870 4065 988 4126 propter
1003 4058 1103 4112 verba:
1121 4055 1154 4110 τὰ
1172 4057 1223 4109 τοῦ
1235 4055 1326 4126 ὀρθοῦ

152 4125 292 4196 λογισμοῦ
312 4129 445 4185 πνέοντες
465 4126 557 4178 minus
574 4131 671 4194 aptum
684 4124 825 4187 videatur,
847 4126 873 4179 le
897 4125 999 4179 endum
1012 4125 1210 4194 proponimus:
1236 4123 1325 4178 ὑπο-

150 4198 229 4248 νοία
237 4213 257 4254 ς,
276 4207 348 4262 quae
360 4208 424 4257 vox,
438 4209 560 4246 meram
574 4191 774 4261 opinionem
788 4193 862 4262 signi
887 4209 963 4261 cans,
977 4193 1045 4246 satis
1060 4193 1180 4262 quadrat
1191 4190 1228 4243 ad
1238 4192 1325 4246 verba

149 4257 188 4314 τὼ
201 4263 249 4328 τῆς
260 4257 374 4327 ἀπάτης.
397 4257 454 4315 cfr.
468 4259 553 4313 etiam
565 4260 659 4325 locus,
697 4258 726 4312 ui
739 4266 783 4313 est
797 4277 823 4328 p.
835 4260 898 4324 226,
911 4259 936 4328 8,
949 4259 999 4314 ubi
1012 4259 1178 4314 dictionem:
1198 4259 1246 4328 τῆς
1257 4263 1323 4314 λοσ-

150 4325 261 4389 aaron
273 4326 415 4391 ὑπονοίας,
430 4326 533 4398 injuria
545 4327 667 4382 tentavit
677 4278 887 4398 hehweglerus.
904 4359 939 4368 -
955 4327 1045 4385 Porro
1059 4327 1174 4384 offendo
1187 4326 1216 4380 in
1228 4327 1324 4382 verbis
