3114 4896
581 271 736 322 senous
753 271 865 324 riuos.
1258 253 1300 318 43

189 419 270 472 LXI.
299 419 361 474 Iam
377 435 444 474 vero
461 417 499 474 ad
515 417 669 473 secundum
682 418 821 490 gellomm
833 424 948 474 cantum
961 434 1080 490 surgens
1097 417 1301 490 inveniensque

118 505 171 542 nos
191 487 250 542 iam
268 487 442 560 vigilantes,
461 486 509 558 qui
527 493 556 540 et
574 503 683 540 eramus
703 505 764 540 cum
783 504 815 541 eo
829 504 925 541 omnes
939 487 1076 553 sedecim,
1090 485 1165 556 ipse,
1178 487 1301 556 inquam,

120 557 225 609 Petrus
239 562 270 610 et
284 573 339 627 ego
354 554 495 621 Clemens,
508 554 627 610 Nicetes
641 560 674 616 et,
681 552 796 624 Aquila,
810 561 895 624 atquc
909 554 1067 620 duodecim,
1081 555 1129 624 qui
1141 557 1302 636 praegressi

117 623 249 690 fuerant,
268 631 421 694 postquam
434 623 619 677 salutavisset
632 639 743 688 omnes,
762 622 908 694 ingressus
926 628 970 676 est
983 622 1098 692 quidam
1110 639 1144 676 ex
1156 621 1302 676 famrliari-

116 692 172 745 bus
185 691 263 746 hunc
276 691 411 744 nuntium
425 691 452 744 ei
465 691 602 745 afferens:
628 689 724 744 Simon
741 708 841 762 magus
854 690 904 744 ubi
923 690 1040 757 didicit,
1058 696 1088 744 te
1105 689 1217 760 Tripoli
1229 707 1302 756 esse,

120 759 151 812 in
164 757 278 828 Syriam
292 759 355 828 ipse
364 759 448 817 abiit.
483 757 640 811 Multitudo
657 764 752 812 autem
768 775 853 812 unam
871 758 945 812 hanc
962 763 1075 812 noctem
1088 774 1151 812 esse
1164 759 1232 812 anni
1245 775 1301 812 am-

119 826 214 880 bitum
227 826 377 892 arbitrata,
390 843 444 880 nee
456 827 554 880 valeus
566 825 767 946 qraestitutum
781 845 798 880 a
810 831 840 878 te
852 831 964 947 tempus
978 831 1156 896 exspectare,
1175 845 1224 947 pro
1236 825 1302 880 fori-

120 894 176 947 bus
190 899 250 948 stat
263 911 315 964 per
332 900 431 948 coetus
451 898 479 946 et
497 893 574 947 circu
588 911 618 947 os
632 895 666 946 de
680 892 802 947 Simonis
820 893 908 963 impro
930 893 1001 948 itate
1019 900 1115 948 mutuo
1128 895 1173 948 col
1186 911 1301 964 oquens.

119 961 254 1025 Quicum
267 979 317 1016 eos
331 961 361 1014 in
375 978 453 1031 spem
467 960 633 1015 adduxisset
646 967 731 1030 atque
745 960 891 1030 pollicitus
902 968 987 1027 esset,
1002 962 1076 1031 quod
1085 967 1114 1016 te
1123 968 1302 1032 praesentem

118 1029 219 1083 multis
239 1029 275 1083 de
297 1029 463 1084 criminibus
481 1035 558 1082 esset
571 1028 766 1094 convicturus,
785 1047 818 1083 co
841 1030 902 1082 nito
918 1030 1044 1084 adventu
1059 1035 1109 1084 tuo
1126 1047 1156 1084 se
1170 1031 1205 1084 de
1217 1035 1302 1084 noete

120 1098 149 1150 in
161 1097 263 1170 fugam
277 1097 403 1165 dederit;
417 1097 468 1150 sed
481 1101 510 1150 et
523 1097 623 1150 eadem
634 1097 717 1168 plebs
730 1101 759 1150 te
772 1115 808 1150 au
829 1114 869 1150 1re
883 1097 1034 1151 desiderat.

192 1189 291 1242 LXII.
317 1189 355 1243 Et
368 1189 470 1243 Petrus
483 1187 638 1243 admiratus
651 1190 698 1242 vul
722 1189 731 1241 i
744 1190 867 1242 studium
879 1189 1039 1260 respondit:
1053 1189 1177 1256 Videtis,
1190 1188 1302 1257 fratres,

121 1273 176 1378 quo
188 1263 280 1328 pacto
293 1257 410 1310 Domini
423 1257 512 1311 nostri
525 1257 612 1312 verba
624 1207 775 1312 maniicste
789 1257 1002 1328 compleantur?
1020 1255 1138 1312 Memini
1152 1257 1301 1312 enimcum

141 1325 233 1379 icere:
258 1327 347 1378 Multi
362 1327 468 1398 sergent
485 1327 520 1377 ab
534 1325 634 1378 oriente
648 1333 672 1377 et
685 1326 819 1380 occidente
832 1335 855 1378 et
871 1329 999 1394 aquilone
1011 1333 1036 1378 et
1046 1327 1137 1394 mori,·
1155 1343 1189 1378 oe
1201 1343 1302 1378 recum·

122 1396 183 1446 beat
196 1411 260 1446 eum
273 1393 445 1460 Abratumo,
459 1395 560 1444 Isaaco
574 1401 598 1445 ct
609 1392 718 1447 Iaccho.
756 1392 811 1446 Sed
824 1398 853 1447 et
866 1394 964 1461 Multi,
978 1392 1084 1460 inquit,
1097 1394 1189 1446 vocati
1197 1433 1203 1460 ,
1216 1394 1305 1462 pauci

122 1479 185 1514 nero
199 1461 288 1513 electi.
322 1460 423 1529 Itaque
441 1459 517 1529 quod
533 1459 664 1526 veniant,
685 1479 743 1516 non
760 1467 804 1514 est
822 1477 916 1514 eorum
932 1461 1087 1530 proprium,
1106 1460 1158 1515 sed
1174 1465 1219 1513 est
1235 1460 1301 1526 Dei,

123 1527 172 1598 qui
184 1527 318 1595 vocavit3
333 1529 357 1580 si
369 1544 435 1580 vero
446 1533 512 1597 post
525 1527 703 1582 vocationem
720 1529 795 1583 bona
812 1545 898 1597 opera
913 1527 1048 1594 fecerint,
1065 1526 1119 1581 hoc
1138 1544 1232 1581 eorum
1249 1527 1304 1580 erit

140 1595 286 1675 roprium,
309 1600 339 1648 et
361 1595 576 1649 convenientem
599 1602 787 1676 assequentur
806 1595 946 1649 mercedis
966 1595 1189 1649 retributionem.
1224 1594 1304 1648 Haec

121 1615 210 1729 Sint,
233 1679 354 1732 cumque
371 1663 518 1732 ingentem
530 1663 641 1716 turbam
653 1665 777 1730 v1deret,
795 1661 899 1716 leniter
915 1663 993 1716 velut
1032 1662 1155 1717 lucidum
1168 1661 1305 1715 fluentum

123 1731 216 1785 amnis
232 1729 361 1797 affluere,
374 1730 504 1784 Marooni
516 1731 571 1784 ait:
590 1729 648 1784 Ubi
660 1731 708 1786 hic
720 1731 866 1786 tibislocus
880 1737 934 1798 est,
947 1730 996 1800 qui
1008 1683 1081 1785 iisne
1093 1730 1304 1784 multitudinem

123 1815 228 1869 capere
241 1797 357 1868 possit?
374 1797 413 1852 Et
425 1797 560 1852 Marcone
575 1800 697 1854 ducente
710 1817 774 1854 eum
792 1801 822 1853 in
834 1799 928 1853 locum
939 1799 1021 1854 horto
1038 1799 1182 1854 excultum
1193 1815 1228 1853 ac
1241 1797 1305 1851 sub-

124 1867 232 1921 dialem
248 1872 366 1920 secutae
380 1871 445 1920 sunt
460 1871 488 1920 et
501 1865 609 1920 turbae.

193 1957 307 2012 LXHI.
341 1959 443 2012 Petrus
462 1965 557 2012 autem
575 1975 658 2028 super
673 1959 766 2013 basim
784 1965 895 2014 statuae
912 1977 969 2014 non
989 1959 1140 2014 admodum
1161 1959 1303 2014 excelsam

123 2031 204 2080 stans
224 2026 311 2080 simul
329 2032 415 2096 atque
454 2027 568 2097 opulum
583 2043 658 2080 more
675 2027 812 2098 religioso
831 2028 981 2095 salutavit,
1000 2045 1118 2082 cernens
1135 2029 1239 2082 multos
1257 2026 1305 2081 ad-

121 2093 263 2148 stantium
277 2112 294 2147 a
307 2094 437 2148 daemoni
458 2112 491 2146 us
508 2101 537 2148 et
554 2094 683 2164 pluribus
701 2095 805 2149 morbis
818 2095 875 2149 iam
888 2095 937 2148 diu
953 2097 1120 2150 molestatus
1139 2113 1172 2151 ac
1186 2095 1304 2148 stridere

122 2180 186 2215 cum
203 2161 321 2214 ululatu
339 2168 369 2216 et
385 2162 532 2232 procidere
552 2179 615 2217 cum
633 2162 857 2232 supplicatione,
881 2164 1030 2235 increpitis
1048 2165 1083 2217 iis
1104 2164 1304 2232 silentiumque

122 2235 224 2308 tenere
248 2227 350 2297 iussis,
372 2229 524 2300 pollicitus
549 2229 723 2285 curationem
744 2239 811 2302 post
836 2231 966 2286 habitum
987 2249 1144 2288 sermonem
1166 2233 1207 2286 ita
1228 2229 1306 2301 loqui

125 2302 239 2368 coepit:
1123 2324 1127 2328 Δ

190 2388 301 2444 LXIV.
329 2388 425 2457 Deus,
444 2389 493 2460 qui
510 2389 587 2444 solus
604 2389 695 2444 bonus
712 2396 758 2446 est
771 2397 929 2460 cunctaque
945 2393 1091 2461 praeclare
1109 2392 1181 2446 fecit
1192 2395 1307 2461 propter

123 2457 251 2512 salutem
286 2458 379 2512 eneris
391 2457 516 2525 humaui,
534 2457 614 2510 misit
625 2458 805 2528 unigenitum
818 2457 908 2510 filium
927 2477 1007 2512 suum
1024 2459 1168 2512 dominum
1179 2464 1305 2511 nostrum

122 2525 221 2580 Iesum
234 2523 258 2579 C
295 2526 391 2592 istum,
404 2526 452 2595 qui
466 2525 493 2579 ei
504 2526 613 2596 placita
622 2525 755 2596 vulgaret
763 2526 913 2596 legemque
924 2526 1004 2580 daret
1014 2531 1167 2591 aeternam,
1179 2530 1212 2578 ut
1224 2525 1304 2578 illam

122 2599 266 2664 perpetuo
280 2593 476 2647 custodientes
489 2599 518 2646 et
530 2592 671 2664 baptizati
684 2594 714 2646 in
725 2593 921 2647 remissionem
929 2599 1120 2663 peccatorum,
1133 2593 1194 2647 vita
1205 2593 1306 2662 sempi-

121 2667 207 2715 terna
220 2661 364 2715 donemur.
393 2660 650 2714 Enitiminiautem
678 2661 757 2728 rimo,
770 2666 802 2714 ut
816 2660 959 2714 sordidum
973 2661 1170 2714 indumentum
1181 2665 1306 2714 vestrum

123 2728 242 2808 scilieet
255 2727 438 2808 infidelitatis
452 2728 563 2808 eruatis
572 2767 579 2794 ,
588 2744 647 2808 'quo
680 2747 737 2808 non
749 2728 807 2783 alia
818 2729 928 2809 ratione
942 2729 1064 2809 potestis
1078 2729 1232 2799 deponere,
1251 2727 1307 2808 pisi

121 2795 354 2917 illidentium?
373 2795 763 2918 sesqppursesqpffli
774 2802 860 2919 atlli
876 2803 1306 2920 staretsttttttttttttt

120 2945 239 2985 mensae
257 2945 352 2984 eorum
359 2883 520 3002 1parrlticipes
534 2882 642 2999 eStote3
654 2949 712 2986 non
724 2883 927 3000 occiditqqnon
936 2933 1105 3000 adulterate,
1119 2951 1176 2987 non
1185 2903 1305 3004 flagrate

121 2999 324 3121 quoipnprrptuo,
346 3016 400 3053 nec
422 2999 528 3054 furtum
550 2997 654 3066 facite,
677 3017 769 3088 neque
793 3001 905 3056 omnino
926 3001 1117 3074 aggredimini
1139 3001 1200 3056 ulla
1219 3019 1307 3072 prava

192 3157 286 3213 LXV.
314 3157 395 3214 Haec
409 3176 472 3213 cum
485 3158 606 3214 dixisset
618 3165 705 3231 atque
717 3177 752 3214 ex
765 3161 825 3216 Scri
846 3162 918 3218 turis
930 3162 1087 3216 monuisset
1096 3162 1195 3228 multa,
1209 3179 1306 3216 omnes

124 3231 358 3296 permanserunt,
376 3227 427 3281 alii
439 3233 471 3280 ut
484 3234 661 3296 curarentur,
679 3229 730 3283 alii
742 3235 775 3282 ut
787 3230 816 3282 vi
838 3236 917 3284 erent
931 3247 993 3296 eos,
1006 3229 1054 3298 qui
1073 3230 1225 3282 sanitatem
1236 3230 1307 3282 reci-

123 3299 236 3364 perent.
280 3293 382 3348 Petrus
402 3301 499 3349 autem
521 3295 667 3350 dumtaxat
688 3297 835 3366 imponens
857 3297 916 3349 illis
939 3314 1038 3349 manus
1060 3302 1090 3350 et
1112 3302 1307 3373 comprecatus

122 3361 281 3432 unicuique
294 3361 501 3416 immunitatem
514 3380 531 3416 a
543 3364 640 3418 morbo
652 3363 784 3434 praebuit
796 3363 877 3429 adeo,
890 3369 922 3416 ut
932 3361 980 3432 qui
990 3363 1084 3415 subito
1095 3367 1185 3414 curati
1194 3361 1307 3414 fuerant

123 3428 315 3496 laetarentur,
333 3429 381 3500 qui
397 3435 492 3484 autem
504 3429 649 3498 viderant,
669 3446 843 3518 summopere
855 3429 1023 3483 mirarentur
1036 3429 1174 3496 simulque
1187 3427 1307 3506 gloriam

122 3496 189 3552 Deo
201 3515 254 3568 pro
268 3515 302 3551 ea
313 3514 344 3551 re
357 3497 500 3552 offerrent.
537 3497 608 3552 Cum
626 3515 694 3570 ergo
711 3497 830 3552 firm1ter
842 3496 1033 3552 credidissent
1044 3513 1101 3549 una
1115 3513 1178 3548 cum
1191 3495 1241 3561 ris,
1259 3496 1307 3565 qui

124 3565 223 3645 sanati
237 3564 360 3687 sperant,
373 3565 474 3621 adsue
485 3565 617 3620 abierunt
633 3566 663 3620 in
679 3565 822 3622 mandatis
840 3564 1030 3637 accipientes,
1048 3569 1081 3619 ut
1092 3563 1229 3618 maturius
1243 3579 1308 3618 cou-

124 3649 266 3688 venrren.

124 3873 171 3922 ubi
188 3873 294 3923 videndi
309 3874 366 3924 Inte
398 3879 471 3925 retes.
497 3877 546 3924 Oct.
563 3875 654 3924 Matth.
673 3871 698 3938 8,
794 3875 853 3943 Cap.
873 3876 968 3926 LXIV.
1000 3871 1025 3939 1)
1050 3869 1129 3945 ἡμῶν
1150 3876 1241 3938 Turn,
1264 3875 1308 3924 scd

126 3938 168 3989 11.
183 3967 214 3977 -
228 3938 256 4000 3)
273 3942 364 3991 Matth.
394 3939 420 4004 0,
440 3939 479 3992 16.
499 3943 553 3992 Orn.
566 3945 611 3994 καὶ
622 3943 699 3992 D.-
742 3943 836 3994 rectius
853 3953 941 3992 vestem
957 3951 1062 3992 uestram
1078 3943 1202 3994 Peronius
1224 3943 1306 3991 vertit.

125 4006 151 4071 4)
166 4004 217 4092 idq
227 4007 259 4060 δὲ
271 4003 310 4089 pepi
323 4005 396 4092 &fui
408 4005 440 4060 τὸ
448 4009 579 4088 ,κλιθῆναι
592 4011 618 4060 0.
627 4037 662 4046 -
669 4005 698 4090 x5)
742 4011 854 4090 Subinde
867 4010 975 4130 ivdvfia
987 4009 1116 4090 rodro‘D.
1135 4035 1168 4045 -
1185 4005 1211 4070 2>
1225 4024 1254 4058 τε
1267 4025 1307 4086 aa·

122 4075 629 4196 '‘ttt‘tltlttllltllltt{ll
648 4094 699 4130 'w
739 4073 1090 4204 fliltffllatlsbt
1102 4076 1304 4192 Solimi&

127 4159 351 4288 aucepLXIII.
380 4209 405 4274 1>
420 4213 489 4264 Voce
515 4163 696 4265 noltpdvna-
791 4165 850 4280 Gaii.
873 4164 954 4263 SXV.
1009 4209 1034 4274 1)
1059 4161 1147 4262 oritoni
1176 4203 1308 4290 slndvsqc

127 4285 191 4332 θων
203 4276 234 4330 ἐκ
245 4279 386 4346 recepimus
399 4296 429 4330 ex
440 4281 520 4341 BGD,
533 4281 609 4332 Hom.
623 4281 695 4344 VIII,
738 4283 789 4333 inv.
801 4285 823 4332 B
835 4286 863 4331 ut
874 4281 950 4330 Hom.
963 4279 1035 4341 VIII,
1049 4274 1090 4328 24.
1103 4306 1137 4314 -
1149 4274 1176 4338 2)
1190 4277 1307 4336 ἐπευξα-

124 4343 150 4408 8,
163 4351 252 4396 nostrs
263 4347 333 4413 Epis.
347 4353 372 4399 et
384 4349 416 4397 sl.
429 4363 471 4414 sp.
486 4349 539 4398 (lot.
737 4366 822 4419 μενος
833 4349 860 4398 (i.
870 4374 901 4381 —
912 4343 938 4411 3)
953 4348 1029 4398 Voce.
1043 4348 1176 4415 γενέσθαι
1190 4363 1305 4416 περιχα-
