3126 4894
556 323 867 380 ermeneumata.
1241 311 1296 374 141

119 494 151 533 se
164 476 343 544 exercuerit,
363 481 393 530 et
405 481 466 532 arte
479 475 592 546 magica
603 474 726 545 polleat,
739 480 834 530 mente
848 475 939 530 elatus
952 490 983 528 se
996 473 1057 528 vult
1069 474 1225 530 existimari
1238 491 1302 528 esse

118 547 260 599 virtutem
272 543 415 614 quandam
428 560 586 614 supremam
598 549 627 596 et
639 541 753 612 quidem
772 542 861 612 ipsius
874 541 930 596 Dei
948 541 996 611 qui
1010 542 1143 596 mundum
1156 541 1299 608 conuiuia

119 614 268 666 interdum
281 629 313 664 se
326 610 471 666 Christum
485 627 548 664 esse
558 609 704 682 gloriatur.
723 609 793 664 Eam
806 615 901 664 autem
911 609 1133 679 appellationem
1143 609 1299 678 usurpavit,

118 681 205 751 quasi
218 680 268 749 qui
282 695 394 749 semper
402 678 580 732 constiturus
593 678 631 730 sit
643 677 673 730 in
685 677 759 744 vita,
778 695 831 731 nec
847 677 952 732 habeat
969 676 1159 746 corruptionis
1174 693 1299 742 causam,

119 755 153 804 ut
166 764 287 817 corpore
299 745 441 802 concidat.
462 744 566 814 Neque
579 762 645 800 sero
657 744 760 810 Deum,
773 745 872 800 muudi
884 749 1048 810 creatorem,
1063 760 1221 813 supremum
1232 760 1298 798 esse

119 817 179 882 ait,
201 831 258 869 nec
280 819 406 870 mortuos
429 813 583 868 excitatum
606 813 640 866 iri
661 811 760 866 eredit.
795 813 1025 882 Hierosolymam
1050 819 1152 884 negat,
1175 817 1299 864 montem

121 883 303 936 Gariximum
321 880 478 934 substituit.
509 880 564 934 Pro
580 897 647 934 vero
660 878 788 948 Christo,
806 880 870 933 Deo
888 886 994 945 nostro,
1008 879 1048 934 eci
1071 897 1131 931 sum
1144 878 1299 949 praedicat.

121 950 236 1021 Legem
248 948 363 1018 propria
374 948 604 1018 praesumptione
617 947 703 1002 aliter
714 947 924 1018 interpretatur.
954 947 993 1001 Et
1005 947 1034 1001 iu
1056 946 1141 1001 icium
1154 946 1226 1000 dicit
1239 947 1299 1017 qui·

121 1019 189 1072 dem
202 1017 275 1082 fore,
289 1033 385 1070 verum
397 1033 455 1069 non
464 1021 622 1086 exspectat.

194 1099 307 1154 XXVI.
328 1099 369 1154 Ut
381 1105 477 1154 autem
489 1099 551 1169 ipse
563 1097 713 1170 religionis
725 1097 888 1178 opinionem
902 1099 1060 1165 invaderet,
1073 1097 1181 1152 factum
1193 1103 1238 1153 est
1251 1098 1299 1154 its.

123 1170 252 1223 loannes
284 1167 380 1221 uidam
393 1167 514 1233 exstitit,
528 1167 576 1237 qui
589 1166 711 1238 singulis
724 1166 825 1220 diebus
834 1167 1009 1238 baptizabat,
1022 1173 1053 1221 ct
1065 1166 1300 1236 quemadmodum

121 1184 388 1314 Dominobennr
410 1235 559 1289 duodecim
580 1234 719 1314 apostoli,
745 1234 894 1290 duodecim
915 1235 1054 1290 mensium
1075 1233 1144 1287 solis
1164 1239 1299 1306 gerentes

122 1321 289 1370 numerum,
303 1303 344 1356 sic
356 1319 383 1356 er
395 1319 505 1372 quoquc
518 1302 632 1355 fuerunt
643 1307 764 1372 triginta
780 1302 834 1355 viri
852 1302 1010 1372 principes,
1027 1305 1200 1354 menstruam
1217 1302 1300 1354 lunae

121 1372 266 1426 rationem
294 1369 453 1440 implentes.
495 1369 557 1434 Quo
578 1369 608 1422 in
632 1386 748 1424 numero
773 1387 830 1425 una
851 1370 989 1439 quaedam
1015 1374 1076 1423 erat
1096 1367 1198 1421 mulier
1222 1367 1301 1422 dicta

123 1440 249 1504 Helena,
261 1443 295 1491 ut
307 1454 343 1491 ne
355 1437 409 1491 hoo
421 1437 536 1507 quidem
549 1437 657 1506 absque
669 1439 805 1518 mysterio
817 1442 902 1490 esset.
933 1436 1003 1490 Oum
1016 1436 1092 1490 enim
1105 1435 1209 1513 mulier
1218 1434 1298 1514 dimi-

124 1508 205 1560 dium
219 1505 259 1561 sit
272 1505 341 1572 viri,
355 1505 393 1560 im
414 1504 551 1561 erfectum
564 1505 709 1560 trecinarir
721 1504 881 1570 coustituit,
894 1504 969 1558 sicut
981 1509 1011 1560 et
1021 1504 1052 1558 in
1065 1503 1147 1568 luna,
1165 1519 1245 1556 curus
1258 1519 1299 1556 rn-

122 1592 226 1632 cessus
249 1590 307 1628 non
329 1589 365 1642 pe
393 1578 487 1627 ectum
512 1573 617 1626 mensis
640 1591 751 1626 cursum
772 1571 896 1628 conficit.
931 1571 1039 1626 Horum
1062 1575 1157 1626 autem
1178 1569 1300 1642 triginta

124 1641 229 1696 loanni
241 1640 349 1711 primus
360 1657 394 1694 ae
406 1639 623 1710 probatissimus
636 1640 691 1693 fuit
704 1639 808 1694 Simon.

194 1723 320 1779 XXVII.
339 1723 409 1778 Post
417 1729 535 1777 mortem
547 1729 642 1779 autem
654 1723 769 1778 Ioannis
779 1723 875 1778 Simon
887 1729 1033 1792 assumpta
1044 1721 1157 1776 Helena
1170 1720 1300 1775 circumit

124 1793 227 1847 turbas
244 1791 387 1858 excitans,
408 1791 500 1861 ipsam
516 1797 613 1846 autem
630 1791 770 1846 Helenam
788 1791 823 1845 de
846 1790 984 1912 supremis
1006 1791 1094 1844 caelis
1115 1789 1145 1843 in
1166 1789 1300 1844 mundum

125 1861 255 1915 delatam
268 1859 353 1925 dicit,
371 1858 452 1912 cuius
464 1859 567 1930 gratia,
585 1859 693 1928 inquit,
711 1857 815 1913 Graeci
833 1865 862 1912 et
905 1859 997 1912 arbari
1015 1857 1219 1924 conflixerunt,
1233 1857 1299 1912 ima-

124 1929 224 2011 ginem
237 1926 393 1997 opinantes
407 1927 552 1980 veritatis:
572 1933 601 1981 et
617 1926 770 1997 praecipue
787 1927 847 1982 edit
865 1927 954 1980 multa
970 1926 1136 1997 prodigiosa
1151 1925 1299 1990 miracula,

125 2004 167 2051 rta
178 2002 212 2050 ut
225 1994 282 2048 nisi
295 1993 539 2065 cognovissemus,
558 1994 610 2050 illa
629 2012 692 2049 eum
710 1994 806 2066 magia
818 1993 942 2060 efficere,
955 1993 1012 2064 ipsi
1024 2011 1135 2064 quoque
1147 1993 1301 2048 fuissemus

125 2062 252 2133 decepti.
287 2061 348 2116 Iam
359 2078 426 2114 vero
439 2079 502 2115 eum
514 2079 636 2116 vesanus
648 2061 737 2116 vellet
750 2063 836 2116 etiam
849 2061 992 2131 imponere
1004 2061 1074 2114 viris
1086 2061 1245 2132 religiosis,
1263 2059 1300 2115 ab

125 2149 159 2186 eo
177 2129 359 2184 recessimus.
393 2128 508 2182 Etenim
526 2129 614 2184 caede
633 2147 663 2184 se
683 2129 831 2199 inquinare
852 2134 1000 2199 coeperat,
1023 2129 1097 2183 sieut
1120 2129 1181 2200 ipse
1207 2128 1300 2183 adhuc

125 2197 228 2254 amieis
247 2196 332 2250 nobis
351 2197 431 2250 velut
448 2196 555 2250 amicus
567 2197 721 2267 patefecit,
739 2198 815 2267 quod
836 2215 900 2251 cum
916 2197 997 2266 pueri
1014 2197 1137 2250 animam
1153 2215 1171 2250 a
1186 2197 1301 2267 proprio

124 2281 244 2336 corpore
266 2269 427 2333 separasset
443 2263 568 2318 infandis
584 2265 801 2331 adiuramentis,
823 2265 946 2318 futuram
964 2264 1132 2318 adiutricem
1150 2265 1187 2318 ad
1205 2281 1300 2318 eorum

127 2350 201 2403 quae
216 2332 278 2401 ipse
291 2331 380 2384 vellet
391 2331 692 2400 repraesentationem,
705 2349 847 2402 pueroque
861 2332 907 2384 ini
978 2331 1024 2384 ine
1035 2331 1188 2396 delineato,
1202 2348 1299 2386 conse·

126 2407 237 2454 oratam
249 2397 370 2452 haberet
381 2397 534 2468 imaginem
547 2399 577 2452 in
589 2399 660 2453 aede
674 2399 811 2466 interiori,
823 2398 873 2452 ubi
886 2398 948 2468 ipse
981 2398 1101 2451 ermiret.
1125 2398 1302 2470 Quapropter

129 2468 268 2522 damnata
279 2465 427 2535 impietate
439 2465 630 2520 abscessimus
643 2465 679 2520 ab
693 2482 735 2520 so.

197 2541 338 2596 XXVIII.
362 2541 442 2594 Hace
456 2558 519 2594 cum
531 2540 638 2610 Aquila
651 2541 781 2607 dixisset,
794 2540 882 2594 frater
894 2540 955 2594 eius
967 2539 1087 2594 Nicetes
1100 2539 1154 2594 ait:
1174 2539 1300 2595 Necesse

126 2617 186 2678 est,
198 2609 290 2664 frater
301 2614 398 2662 noster
408 2607 555 2676 Clemens,
572 2625 607 2662 ea
618 2625 662 2662 me
676 2624 906 2674 commemorare,
925 2623 997 2676 quae
1010 2607 1046 2660 ab
1059 2607 1165 2676 Aquila
1176 2613 1299 2676 praetcr-

127 2679 217 2732 missa
229 2681 304 2730 sunt.
332 2676 426 2730 Primo
439 2677 571 2746 equidem
584 2674 664 2730 Deus
677 2676 761 2730 testis
775 2681 829 2742 est,
842 2693 894 2730 nos
906 2675 937 2730 in
948 2675 1028 2728 nullo
1041 2691 1124 2744 opere
1139 2674 1224 2744 impio
1236 2693 1299 2730 eum

127 2744 288 2810 adiuvisse,
307 2743 358 2798 sed
374 2743 425 2797 illo
437 2743 562 2798 faciente
575 2749 686 2798 tantum
700 2749 854 2814 spectasse.
889 2742 927 2796 Et
943 2742 1078 2822 quamdiu
1090 2759 1174 2812 opera
1187 2741 1301 2798 innoxia

128 2813 245 2877 edebat,
259 2811 484 2866 delectabamur:
504 2812 617 2882 quando
629 2817 723 2865 autem
736 2829 808 2881 quae
826 2827 877 2882 per
888 2827 1011 2881 mag1am
1028 2808 1149 2876 fiebant,
1161 2827 1217 2930 lper
1230 2811 1300 2864 divi-

128 2881 250 2934 nitatem
265 2894 300 2932 se
318 2877 412 2933 facere
430 2879 467 2932 ad
484 2879 546 2948 pios
562 2879 690 2933 homines
707 2879 892 2949 decipiendos
910 2879 996 2944 dixit,
1017 2895 1073 2932 non
1094 2895 1159 2947 amp
1173 2895 1216 2930 ¹us
1237 2895 1300 2932 eum

128 2948 208 3018 passi
224 2946 485 3025 sumus,·quamvis
501 2947 592 3000 multa
609 2946 692 3001 nobis
708 2947 900 3017 promitteret:
920 2947 1039 3030 primum
1056 2947 1170 3017 quidem
1188 2945 1248 3000 fore
1268 2953 1301 3002 ut

128 3017 267 3084 templum
278 3013 362 3068 nobrs
376 3020 405 3067 et
417 3019 529 3068 statuae
540 3015 724 3085 erigerentur,
737 3021 825 3085 utque
835 3014 875 3069 dii
885 3015 1109 3070 existimaremur
1117 3019 1146 3068 et
1158 3032 1176 3068 a
1187 3015 1300 3084 populis

129 3083 300 3148 coleremur,
319 3087 349 3136 et
360 3098 378 3135 a
389 3081 504 3152 regibus
516 3080 777 3154 magnificarem,
796 3088 881 3153 atque
900 3083 1067 3138 donaremur
1078 3081 1202 3154 publicis
1214 3081 1300 3138 hono·

130 3150 220 3214 ribus,
235 3165 288 3202 nec
301 3165 358 3202 uon
370 3147 483 3202 infinita
495 3147 523 3201 vi
536 3148 673 3218 pecuniae
687 3149 899 3204 ditesceremus.

197 3223 310 3277 XXIX.
345 3223 426 3278 Haec
436 3229 467 3278 et
480 3223 583 3292 quibus
595 3224 734 3278 eiusmodi
746 3230 896 3294 putantur,
909 3225 992 3278 nobis
1006 3225 1204 3293 pollicebatur,
1218 3226 1300 3280 modo

129 3299 161 3347 ut
175 3310 244 3347 cum
262 3308 296 3345 eo
313 3289 443 3345 viventes
458 3308 575 3360 pravum
592 3291 654 3344 eius
670 3291 804 3345 molimen
815 3297 988 3354 taceremus,
1007 3309 1062 3359 quo
1075 3291 1151 3344 fraus
1164 3292 1190 3344 ei
1204 3309 1299 3344 succe-

130 3361 218 3418 deret.
254 3358 392 3416 Attamen
403 3357 516 3416 assensi
527 3375 584 3415 uou
597 3376 702 3425 sumus,
716 3357 784 3431 quin
797 3357 881 3414 immo
892 3357 1044 3416 consilium
1058 3357 1201 3423 dedimus,
1219 3363 1252 3410 ut
1263 3358 1299 3412 ab

181 3585 354 3652 capxxvt
391 3581 417 3651 1)
432 3579 505 3635 οὕτω
519 3585 547 3636 Ο.
566 3582 642 3653 -2)
656 3587 696 3637 si·
726 3581 909 3637 delerzini>
932 3583 1299 3653 τῶνένΤροίᾳΣτησίχο-

128 3653 184 3706 mili
207 3653 283 3702 modo
304 3667 395 3702 corone
415 3667 477 3716 quae
499 3653 609 3702 Simonis
630 3654 697 3717 magi
740 3649 788 3720 ρός
827 3667 895 3722 φησι
935 3656 1066 3722 γενέσθαι
1109 3671 1171 3722 περι
1198 3647 1300 3720 siluros

130 3721 279 3782 dicebatur,
289 3719 462 3786 imperfectam
475 3720 598 3770 referebat
609 3726 696 3770 rotun·
737 3721 837 3790 ἀγνοίᾳ
849 3721 900 3772 τοῦ
915 3718 1056 3786 diatonici,
1076 3723 1143 3772 Sext.
1183 3739 1233 3788 mp.
1245 3721 1300 3770 adv.

129 3789 248 3846 ditatam,
261 3787 293 3836 ad
311 3787 412 3836 modum
424 3787 498 3838 limae
510 3788 537 3836 in
550 3803 643 3836 cornua
655 3804 696 3837 co-
739 3790 828 3840 Matth.
843 3789 901 3851 VH,
920 3787 975 3840 180.
991 3785 1042 3839 255
1062 3794 1088 3839 et
1105 3791 1252 3840 Barnesium
1269 3788 1301 3838 sd

128 3849 696 3920 euntis.Coubrius.—3)Legoturristiriam,
739 3856 829 3922 Eurip.
852 3857 911 3909 Hel.
936 3875 957 3906 v.
981 3854 1023 3908 33.
1058 3859 1184 3907 Davisius.
1230 3857 1301 3908 ridde

130 3923 197 3988 quod
209 3920 323 3988 postulat
334 3921 454 3971 orationis
469 3921 552 3970 series.
571 3922 696 3972 Davisius.
740 3923 823 3974 Schol.
837 3923 868 3972 ad
886 3925 1010 3990 Lveophr.
1023 3942 1046 3974 v.
1060 3921 1115 3972 113.
1130 3931 1155 3975 st
1166 3925 1218 3974 inte
1251 3925 1300 3974 ,od

183 3990 245 4054 Gap.
267 3989 378 4038 xxvn.
414 3984 441 4044 lt
463 3988 693 4056 κατενηνεχοῆναι
740 3989 833 4041 Herod.
847 3990 880 4050 II,
894 3978 943 4039 1'12
955 4007 1008 4056 sqq.
1023 3993 1165 4054 Schweplcr.
1182 3941 1258 4055 jd)
1269 3990 1299 4041 dl

129 4057 160 4106 0.
177 4083 212 4092 —
227 4050 256 4122 2)
273 4054 372 4108 Alludit
388 4059 473 4104 noster
489 4055 521 4104 ad
537 4071 623 4104 eorum
637 4073 695 4106 sen·
739 4075 787 4108 orn.
801 4057 832 4106 V.
852 4057 964 4106 Subinde
985 4052 1058 4108 πολὺ
1073 4059 1170 4125 μανεὶς
1192 4057 1246 4106 OV.
1266 4083 1300 4092 —

127 4123 243 4184 uetiam,
257 4121 302 4186 qui
313 4137 362 4172 uon
373 4123 504 4183 Helenum,
517 4123 559 4172 sed
568 4123 622 4172 eius
633 4124 696 4174 dun·
738 4121 767 4190 4)
777 4123 873 4190 ἔργοις
885 4126 914 4173 0.
927 4151 961 4160 -
969 4123 997 4181 5>
1009 4123 1041 4175 Ia
1053 4123 1122 4174 deest
1133 4124 1160 4172 in
1172 4125 1203 4172 l'.

129 4196 199 4240 texat
210 4189 347 4252 imagiuem
355 4189 444 4238 Troiae
456 4189 534 4238 fuisse
546 4196 696 4252 statuerunt,
791 4192 850 4306 Ceq.
876 4191 1000 4242 XXVIII.
1045 4185 1072 4256 1)
1097 4186 1300 4261 decomptores

129 4274 186 4306 oum
199 4255 292 4306 Graeci
303 4255 458 4320 Barbarique
472 4255 521 4304 sibi
532 4263 631 4305 mutuas
644 4257 697 4306 eius
741 4259 818 4308 V.—
847 4255 1023 4320 )πλουτῆσαι
1038 4258 1067 4306 0.

129 4340 205 4373 causa
218 4322 301 4373 clades
314 4323 432 4374 facerent.
447 4323 504 4372 vicl.
519 4324 584 4372 Plat.
597 4323 697 4389 deRep.
793 4325 852 4390 Gap.
869 4323 967 4373 XXIX.
1004 4320 1028 4386 1)
1051 4317 1161 4382 τούτοις
1180 4327 1211 4387 O,
1234 4322 1298 4377 τοὺ-

130 4392 177 4441 IX.
191 4387 264 4455 [5852
277 4390 309 4440 O:
328 4385 423 4456 ὥσπερ
436 4385 468 4440 τὸ
481 4388 529 4453 τῆς
538 4387 647 4455 Ἑλένης
659 4393 697 4441 sl·
743 4409 802 4448 τοις
812 4392 926 4459 μείζονα
941 4391 1010 4456 Epit.
1024 4406 1044 4443 o.
1058 4388 1099 4442 29.
1117 4419 1150 4427 -
1166 4389 1193 4459 2)
1210 4395 1299 4447 κακῶν
