3126 4894
578 295 731 347 armona
748 295 891 346 aarum.
1257 285 1320 352 215

147 444 219 500 ferre
233 441 395 563 resfiiciens
407 441 444 496 ad
460 424 619 512 patientiae
636 458 768 514 magnam
787 441 946 496 mercedem
962 441 1016 496 tibi
1033 441 1126 497 aDeo
1137 443 1320 505 reddendam.

148 511 203 566 Sed
220 516 251 565 et
270 511 278 562 i
304 509 344 563 nd
361 509 436 562 iuste
453 509 617 563 considera:
656 509 749 588 nando
765 515 816 562 tuo
832 508 938 564 auxilio
956 526 1026 589 opus
1043 516 1088 562 cst
1100 508 1228 579 Christo,
1244 532 1320 570 nnnc

147 598 209 634 cum
226 578 321 632 malus
337 577 479 656 adversus·
493 593 625 646 sponsam
641 576 845 655 rlrustbellum
863 582 1003 696 suscepit,
1021 594 1058 630 an
1075 577 1237 658 insequenti
1250 586 1319 635 tem·

145 643 762 782 lttrrltlltlttligttttletitie
780 643 1320 790 {tiballi{titillabat}

145 799 214 852 ergo
227 779 317 859 animi
329 778 437 832 viribus
450 777 504 831 hoo
516 778 677 858 praesentis
693 749 876 858 necdssrtatis
889 785 1015 858 tempore
1032 778 1140 834 festina
1152 797 1234 850 opem
1246 781 1319 838 ferre

143 849 218 902 bono
231 847 322 926 Regr,
338 863 458 926 magnas
475 851 716 925 remunerationes
727 850 793 916 post
805 853 955 900 victoriam
966 847 1085 901 reddere
1099 847 1192 900 solito.
1227 847 1319 906 Laeto

143 916 235 997 igitur
252 931 363 994 .³¹¹¹¹¹¹.⁰.
383 917 580 983 eprscopatum
597 930 734 994 suscipe,
764 919 921 1034 oprportnne
949 931 982 994 co
1004 915 1096 985 magis
1118 915 1193 984 quod
1219 915 1320 973 Eccle-

143 983 449 1107 gpqpltgllppposrtronem
470 998 488 1034 a
508 997 553 1034 mc
575 980 703 1034 drdrcrstr
723 979 761 1034 ad
808 986 899 1035 atrum
922 998 971 1052 qur
991 981 1029 1036 ad
1051 999 1103 1036 nos
1127 982 1321 1056 confugerunt

213 1147 346 1204 CXLIX.
382 1149 585 1202 Verumtamen
602 1153 632 1202 et
648 1147 775 1202 breviter
791 1166 884 1202 coram
897 1148 1027 1203 omnibus
1040 1154 1069 1203 et
1085 1168 1136 1220 pro
1157 1157 1201 1206 ter
1212 1170 1319 1222 omnes,

144 1234 218 1286 qnae
238 1218 276 1272 ad
294 1234 357 1270 eam
375 1215 592 1286 dispositionem
612 1215 771 1286 pertinent,
796 1216 861 1271 volo
882 1233 1106 1271 commemorare.
1170 1235 1185 1271 e
1206 1221 1320 1288 quidem

144 1290 261 1366 oportet
278 1282 567 1353 irreprehensibiliter
582 1283 690 1350 vivere,
709 1288 738 1336 et
754 1284 875 1338 marimo
889 1283 983 1337 studio
1000 1301 1097 1337 omnes
1109 1283 1185 1340 vitae
1199 1303 1318 1368 occupa·

143 1356 241 1407 tiones
253 1351 390 1418 abiicere,
403 1356 504 1403 utnon
518 1349 557 1402 sis
570 1348 728 1417 fideiussor,
742 1367 832 1420 neque
845 1351 1010 1416 advocatus,
1023 1366 1114 1420 neque
1127 1353 1186 1406 ullo
1199 1353 1256 1408 alio
1269 1373 1319 1408 rm-

144 1421 265 1491 plicitus
285 1417 407 1472 seculari
424 1417 550 1488 negotio.
585 1417 650 1471 Non
668 1420 743 1472 enim
760 1418 883 1472 iudicem
901 1423 930 1471 et
948 1417 1124 1488 cognitorem
1135 1420 1319 1488 pecuniarum

142 1488 189 1542 vel
205 1487 387 1558 negotiorum
403 1501 550 1604 rerumqpe
563 1485 599 1538 ad
617 1484 689 1538 hanc
706 1486 794 1539 vitam
811 1484 1014 1556 pertinentium
1027 1485 1202 1540 constituere
1215 1493 1244 1542 te
1258 1491 1319 1543 vult

143 1553 292 1619 Christus,
310 1560 343 1606 nt
361 1551 505 1623 praesenti
527 1569 560 1604 us
572 1552 717 1606 hominum
730 1553 804 1606 curis
822 1552 956 1606 detentus
968 1557 1080 1622 tempus
1093 1569 1150 1605 non
1161 1552 1269 1609 habeas
1281 1558 1318 1610 ad

143 1622 320 1703 separandos
339 1621 418 1674 iuxta
437 1619 568 1674 veritatis
587 1621 700 1674 modum
720 1620 848 1674 homines
869 1619 959 1674 bonos
980 1637 998 1674 a
1018 1619 1108 1674 malis.
1146 1621 1250 1674 Verum
1268 1623 1319 1678 illa

162 1691 261 1744 uidem
279 1689 299 1742 ii
317 1688 373 1741 sibi
390 1687 513 1740 invicem
531 1686 685 1741 exhibeant
702 1687 750 1756 qui
768 1687 897 1754 discunt,
915 1692 944 1741 et
955 1692 984 1740 te
1002 1704 1019 1741 a
1036 1688 1211 1742 sermonibus
1225 1690 1319 1745 salvos

142 1707 240 1812 Sacere
256 1755 421 1810 valentibus
444 1772 501 1808 uon
522 1761 651 1808 avocent.
688 1755 930 1818 Quemadmodum
953 1755 1029 1809 enim
1049 1755 1104 1808 tibi
1126 1756 1243 1826 impium
1264 1764 1318 1824 est,

142 1826 289 1880 seculares
308 1841 390 1877 curas
409 1821 567 1892 suscipere,
586 1822 687 1896 relicto
706 1839 739 1876 eo
757 1823 832 1892 qnod
849 1822 943 1877 facere
962 1823 1055 1876 iussus
1073 1840 1117 1876 es:
1139 1824 1180 1878 ita
1197 1825 1318 1895 singulis

144 1893 229 1947 laicis
250 1900 402 1962 peccatum
423 1895 481 1956 est,
504 1889 529 1942 si
550 1889 606 1943 sibi
628 1889 750 1944 invicem
773 1891 860 1945 etiam
882 1891 911 1943 in
929 1890 1079 1944 mundanis
1097 1892 1319 1946 necessitatibus

146 1965 263 2031 praesto
276 1976 333 2012 non
346 1959 412 2011 sint.
441 1955 485 2010 Ac
498 1957 533 2010 de
545 1955 590 2009 his
604 1974 702 2026 secure
715 1963 800 2028 atque
812 1958 967 2028 tranquille
979 1964 1009 2012 te
1022 1958 1116 2012 vivere
1129 1965 1250 2029 oportet,
1264 1977 1318 2030 quo

143 2028 235 2082 solius
247 2025 397 2080 Ecclesiae
411 2024 635 2079 sollicitudinem
648 2042 744 2096 geras,
763 2032 823 2079 tum
840 2026 878 2080 ad
891 2026 963 2080 scite
981 2041 1042 2079 eam
1056 2027 1318 2096 administrandam,

143 2101 205 2148 tum
218 2095 256 2148 ad
267 2093 422 2147 tradendos
435 2108 579 2146 sermones
591 2093 730 2146 veritatis.

214 2193 272 2248 cL.
307 2194 381 2248 Nam
400 2193 424 2246 si
442 2192 517 2247 curis
531 2193 706 2248 secularibus
719 2199 875 2264 occupatus
887 2194 990 2261 fueris,
1009 2199 1038 2248 et
1050 2200 1079 2249 te
1093 2195 1185 2266 ipsum
1198 2203 1227 2250 et
1240 2198 1318 2250 audi-

143 2269 223 2318 tores
236 2262 372 2342 decipies.
401 2260 603 2314 conducibilia
615 2261 690 2315 enim
702 2263 838 2332 praebere
850 2279 900 2332 per
912 2262 1128 2331 occupationem
1141 2281 1196 2317 non
1209 2266 1317 2332 valens,

144 2337 175 2386 et
186 2337 220 2384 tu
233 2347 314 2400 quaer
329 2329 475 2399 quintilia
486 2345 543 2382 non
556 2329 685 2382 docueris
697 2329 837 2398 punieris,
859 2335 889 2382 et
901 2329 949 2398 qui
961 2347 1018 2382 non
1030 2329 1127 2383 edocti
1139 2337 1222 2383 erunt
1238 2331 1318 2411 igno-

143 2398 257 2452 rantiae
274 2415 360 2450 causa
377 2395 517 2466 peribunt.
554 2395 693 2460 Quocirca
708 2401 741 2448 tu
757 2396 870 2465 quidem
887 2396 947 2462 fac,
965 2402 997 2448 ut
1009 2396 1116 2464 absque
1130 2404 1318 2466 occupatione

144 2465 206 2518 illia
226 2464 407 2536 praesideas,
444 2481 480 2517 uo
500 2463 671 2534 tempestive
692 2480 834 2517 sermones
856 2463 958 2532 quibus
980 2463 1083 2516 salvari
1106 2464 1218 2532 possint
1238 2483 1319 2533 prae·

144 2534 228 2588 beas:
252 2532 328 2601 iique
346 2537 375 2586 te
394 2481 527 2598 addiant,
550 2531 674 2585 scientes
692 2531 806 2601 legatus
827 2529 958 2584 veritatis
975 2530 1106 2598 quodcun
1128 2547 1164 2584 ue
1185 2531 1320 2602 ligaverit

145 2605 369 2672 superterram,
390 2599 512 2670 ligatum
533 2615 597 2652 esse
620 2604 649 2652 et
670 2598 699 2652 in
723 2597 818 2664 caelo,
836 2603 865 2651 et
883 2597 1013 2666 quodcun
1034 2613 1069 2651 ue
1092 2547 1222 2664 adiverit,
1246 2599 1320 2652 solu·

144 2674 207 2722 tum
225 2683 297 2723 esse.
332 2666 378 2719 Tu
389 2671 485 2720 autem
502 2665 522 2718 li
546 2666 693 2736 abisquae
708 2665 792 2737 ligari
806 2671 930 2736 oportet,
949 2670 979 2718 et
991 2614 1084 2718 adires
1097 2681 1169 2734 quae
1183 2666 1321 2721 solvenda
1392 2705 1398 2720 .

145 2741 236 2855 eunti·
249 2735 344 2804 Atque
363 2734 400 2788 ad
417 2739 447 2787 te
465 2734 513 2804 qui
535 2750 592 2800 em,
611 2733 659 2804 qui
674 2750 788 2805 praees,
801 2750 873 2804 qnae
891 2732 1050 2804 pertinent,
1068 2733 1124 2787 ista
1143 2738 1256 2787 suntet
1274 2733 1319 2787 his

147 2821 215 2857 s1m1
229 2820 266 2857 ra.

218 2901 291 2956 CLI.
327 2901 405 2964 Quae
426 2918 493 2955 vero
514 2901 552 2955 ad
571 2902 754 2972 presbyteros
776 2907 920 2972 spectant,
945 2902 1002 2956 ista
1024 2901 1089 2954 sint.
1124 2900 1201 2956 Ante
1225 2903 1320 2956 omnia

148 2972 268 3024 iuvenes
280 2969 389 3039 nuptiis
402 2968 461 3023 cito
473 2969 603 3040 iungant,
617 2969 734 3040 laqueos
746 2969 883 3024 ferventis
895 2971 925 3023 in
934 2970 1051 3024 iuventa
1061 2969 1229 3040 cupiditatis
1241 2987 1319 3040 prae-

146 3039 298 3093 veniendo.
335 3037 391 3090 Sed
403 3053 457 3090 nee
471 3037 506 3090 dc
520 3037 653 3108 coniugio
666 3037 722 3091 iam
735 3055 834 3092 senum
847 3055 942 3092 curam
959 3039 1111 3092 abiiciant:
1130 3055 1196 3092 uam
1208 3037 1239 3091 in
1250 3056 1318 3094 non·

146 3106 250 3180 nullis,
269 3104 357 3158 etiam
374 3122 438 3158 cum
452 3105 610 3171 senuerint,
628 3105 725 3159 valida
737 3105 812 3158 inest
825 3107 975 3176 cupiditas.
1011 3106 1054 3161 Ne
1068 3107 1156 3187 igitur
1167 3105 1319 3160 fornicatio

144 3174 295 3228 adversum
313 3189 363 3225 vos
383 3171 532 3242 grassandi
550 3173 701 3227 occasione
720 3189 788 3226 aeee
809 3178 840 3226 ta
857 3179 968 3242 pestem
985 3191 1064 3226 suam
1085 3193 1115 3228 ιιι
1131 3191 1181 3227 vos
1203 3173 1320 3228 invehat

144 3246 316 3312 praecavete
333 3244 362 3292 et
379 3239 553 3308 conquirite,
571 3257 606 3293 ne
623 3239 696 3293 forte
715 3239 745 3292 in
762 3257 797 3292 vo
820 3241 843 3292 is
861 3240 973 3294 occulte
993 3241 1126 3294 adulterii
1145 3239 1221 3312 ignis
1234 3239 1320 3294 fuerit

144 3325 293 3363 accensus.
328 3305 451 3360 Multum
470 3307 574 3386 quippe
595 3323 681 3378 grave
700 3312 850 3376 peecatum
868 3312 912 3360 est
929 3306 1099 3359 adulterium
1112 3306 1141 3358 in
1153 3310 1274 3372 tantum,
1287 3313 1319 3358 ut

145 3375 303 3430 secundum
317 3375 345 3426 in
358 3374 459 3444 poenis
471 3374 602 3428 obtineat
615 3375 716 3440 locum,
730 3373 959 3443 quandoquidem
971 3375 1077 3442 primus
1090 3372 1210 3449 debetur
1222 3372 1258 3424 iis
1272 3377 1319 3452 qui

146 3444 179 3496 in
191 3459 283 3497 errore
296 3442 331 3495 de
373 3447 414 3508 nt,
428 3441 556 3511 quamvis
569 3447 760 3512 temperanter
771 3441 876 3495 vivant.
913 3440 1005 3504 Quare
1018 3457 1068 3493 vos
1080 3439 1158 3492 velut
1169 3439 1319 3493 Ecclesiae

146 3509 310 3581 presbyteri
347 3509 431 3562 hristi
443 3526 576 3580 sponsam
589 3510 626 3564 ad
638 3509 802 3564 castitatem
821 3515 960 3562 exercete.
997 3506 1135 3578 Sponsam
1148 3515 1242 3561 autem
1256 3507 1319 3560 dico

143 3651 344 3664 .....-—--

199 3735 259 3800 Cap.
272 3733 388 3784 CXLIX.
424 3730 448 3794 1)
471 3748 502 3784 σε
520 3733 609 3782 inserit
629 3739 713 3784 noster
755 3730 783 3799 3)
797 3732 847 3784 τοῦ
861 3734 890 3783 V.
904 3727 980 3800 -4)
994 3729 1083 3790 οὕτως
1094 3735 1142 3798 Ep.
1155 3732 1232 3782 Clem.
1244 3733 1319 3782 Ηοιιι.

145 3802 222 3852 Hom.
237 3801 299 3851 (lod.
312 3827 347 3837 --
364 3799 391 3861 2)
405 3801 666 3871 παραπεπλεγμένῳ
680 3802 712 3864 V,
755 3829 787 3838 -—
801 3797 829 3868 5)
842 3803 887 3852 καὶ
898 3818 945 3852 οιιι.
959 3805 988 3865 0,
1007 3803 1051 3865 qui
1063 3800 1167 3850 subinde
1180 3799 1210 3850 ἒν
1220 3801 1259 3866 τῴ
1272 3796 1319 3849 οὐ·

147 3869 441 3988 refertar
465 3868 612 3986 {ritu
635 3871 713 3986 tr.-
756 3867 945 3936 ⁶)
977 3866 1154 3988 ιιιειι.

146 3951 172 4064 Ξ)
185 3954 345 4068 ideAEb.
359 3953 533 4053 Gidmmlliom.
555 4030 589 4038 —
611 3975 637 4067 b)
659 3973 711 4054 dir.
807 3974 867 4070 Gap.
880 4005 942 4053 CLI.
968 3956 1005 4072 Ἴ)
1030 3993 1219 4068 γεγηρακότων
1236 3999 1265 4047 0.
1286 4025 1320 4033 -

146 4073 195 4137 Ep.
217 4071 294 4120 Olem.
312 4071 388 4120 Ηοιιι.
408 4085 428 4118 c.
446 4067 471 4132 5,
489 4070 533 4119 nbi
553 4075 636 4120 textus
652 4085 711 4136 pro·
753 4066 781 4136 2)
793 4066 808 4134 ἡ
821 4087 870 4120 om.
880 4071 912 4132 V,
924 4073 973 4136 Ep.
983 4072 1060 4120 Olem.
1070 4069 1153 4125 Ηοιιι.,
1165 4066 1210 4114 ubi
1219 4065 1319 4128 quidem

146 4139 229 4188 lixior.
755 4137 871 4188 ἔνεστιν.
884 4164 918 4172 -
938 4137 964 4198 3)
980 4140 1080 4205 νομεῐν
1098 4135 1129 4182 V.
1146 4158 1179 4168 -
1191 4129 1219 4192 4)
1231 4127 1319 4182 αὐτὸν

754 4206 785 4264 V,
798 4207 847 4270 Ep.
861 4205 937 4254 Clam.
947 4206 1023 4254 Hom.
1034 4218 1054 4251 c.
1063 4201 1086 4260 7,
1100 4199 1203 4248 subinde
1218 4194 1317 4267 ἐμβάλ-

197 4273 249 4340 Gap
271 4272 321 4322 CL.
354 4267 380 4336 1)
396 4269 648 4334 cto.—2)1ta0,
664 4267 709 4324 εὖ·
753 4270 788 4342 λῇ
809 4287 865 4320 eum
894 4271 1018 4322 Cotelerio
1042 4287 1067 4336 p.
1093 4261 1194 4336 ἐμβάλῃ
1219 4269 1269 4318 OV
1294 4273 1318 4315 et

146 4341 259 4410 σχολεῑν
271 4340 295 4389 V
308 4355 364 4389 cum
376 4344 482 4404 utroque
502 4340 577 4390 Hom.
597 4339 657 4392 dod.
676 4365 710 4375 —
753 4339 833 4390 nostri
844 4340 919 4389 Hom.
939 4339 998 4388 (lod.
1016 4366 1050 4374 —
1070 4332 1097 4403 5)
1116 4335 1161 4386 καὶ
1179 4350 1226 4384 om.
1242 4335 1271 4384 V.
1286 4361 1318 4370 -
