3126 4894
551 377 706 428 armona
723 379 866 430 aeruna.
1230 367 1290 432 197

13 515 14 522 “
115 541 194 588 meae
207 541 243 578 ac
257 523 410 578 liberorum
422 529 541 577 mortem
554 523 699 578 indicavit.
726 524 810 578 Dixit
825 525 941 578 Petrus:
960 524 1104 605 Numquid
1116 527 1172 580 iam
1184 546 1213 582 re
1226 529 1289 598 ipsa

116 609 285 662 persuasum
297 589 397 654 habes,
411 588 539 644 Genesin
551 608 609 644 non
622 591 798 645 consistere?
822 592 906 645 Pater
922 593 1082 660 respondit:
1107 593 1232 648 Necesse
1245 606 1289 650 est

115 665 146 711 nt
159 658 271 724 omnia,
290 674 362 726 quae
379 663 504 710 mentem
520 657 590 710 mihi
607 658 742 724 subeunt,
763 658 818 712 tibi
838 675 989 728 exponam,
1003 675 1058 727 quo
1073 659 1110 712 ad
1122 678 1156 714 ea
1168 663 1287 715 audiens

115 726 223 795 possim
241 725 361 778 discere.
396 723 594 778 Animadverti
608 741 698 778 errare
712 726 741 778 in
753 726 850 778 multis
863 725 1036 794 astrologos,
1050 727 1079 780 in
1091 728 1189 781 multis
1202 731 1288 782 etiam

115 810 179 846 vere
198 792 287 860 loqui.
322 791 425 860 Itaque
443 793 571 860 suspicor
588 809 637 846 eos
654 791 726 846 forte
740 792 833 857 iniis,
852 809 923 861 quae
936 794 1082 862 explorata
1093 794 1209 862 habent,
1222 815 1288 850 vere

117 860 227 924 dicere,
248 858 327 911 iniis
344 866 454 923 autem,
473 859 501 912 in
518 859 620 927 quibus
634 865 741 925 emant,
759 860 789 911 id
801 859 963 930 ignorantia
975 861 1044 928 pati,
1058 879 1144 930 quare
1158 864 1287 918 coniecto

116 933 249 979 constare
267 926 382 994 quidem
400 925 594 993 disciplinam,
613 925 677 978 illos
695 933 789 979 autem
827 944 857 979 er
873 927 1015 980 inscitiam
1028 927 1102 982 falsa
1113 931 1287 998 praedicare,

117 1011 148 1046 eo
167 993 247 1062 quod
263 1010 319 1046 non
341 992 455 1046 omnino
473 993 584 1061 possint
603 993 638 1046 dc
660 993 790 1046 oninibus
807 946 915 1047 babere
939 993 1096 1050 scientiam.
1132 999 1169 1050 Et
1186 999 1287 1052 Petrus

117 1061 202 1113 dixit:
224 1058 302 1112 Cave
315 1077 365 1123 ne,
384 1077 448 1112 eum
459 1077 555 1112 verum
572 1059 731 1128 proferunt,
750 1078 819 1114 casu
835 1067 1023 1129 assequantur
1039 1070 1067 1115 et
1084 1081 1140 1118 non
1152 1072 1295 1135 tanquam*

117 1133 193 1180 certo
207 1126 335 1180 seientes
349 1126 454 1178 dicant.
490 1125 610 1180 Omnino
624 1127 698 1180 enim
711 1145 829 1181 necesse
842 1133 902 1196 est²
918 1145 951 1181 ex
965 1130 1061 1181 multis
1075 1130 1161 1184 dietis
1174 1135 1288 1188 evenire

117 1194 262 1247 nonnulla.
300 1193 372 1246 Tum
391 1209 478 1246 senex
499 1193 553 1246 ait:
582 1193 644 1256 Qua
667 1210 733 1264 ergo
755 1195 865 1248 ratione
886 1195 1028 1250 certitudo
1048 1196 1101 1250 hae
1122 1199 1152 1251 in
1171 1217 1201 1253 re
1223 1218 1287 1256 esse

116 1267 222 1330 potest,
237 1278 274 1313 an
288 1265 401 1312 constet
415 1260 546 1325 Genesis,
560 1277 613 1313 nec
626 1259 682 1314 ne?

184 1327 291 1381 CXXI.
328 1325 399 1378 Cum
416 1326 505 1397 igitur
525 1334 643 1406 uterque
659 1334 782 1393 taceret,
805 1345 858 1398 ego
880 1328 952 1380 dixi:
980 1328 1052 1390 Quia
1072 1330 1287 1388 mathematicas

118 1395 287 1464 disciplinas
305 1394 420 1461 penitus
433 1394 513 1460 novi,
532 1395 660 1448 dommus
678 1401 815 1448 autemst
847 1400 908 1448 ater
919 1412 975 1447 non
988 1395 1065 1460 item,
1080 1397 1103 1448 si
1115 1398 1177 1467 ipse
1190 1400 1287 1454 Annu·
1338 1401 1341 1406 '

117 1462 183 1516 bion
196 1461 328 1526 adesset,
346 1478 439 1514 eoram
452 1467 532 1530 patre
551 1461 774 1530 disputationem
786 1413 927 1514 haberem.
962 1461 1008 1514 Ita
1020 1463 1124 1531 quippe
1135 1483 1181 1518 res
1193 1469 1288 1536 palam

118 1528 212 1582 venire
232 1533 344 1597 posset,
363 1528 428 1580 dum
445 1528 515 1581 artis
533 1530 642 1596 peritus
659 1529 793 1582 adversus
815 1528 941 1582 eiusdem
958 1529 1027 1582 artis
1044 1529 1185 1586 hominem
1203 1552 1287 1604 quae·

119 1595 240 1649 ationem
253 1595 386 1665 agitaret.
422 1595 581 1714 Respondit
593 1603 685 1666 pater:
705 1595 762 1650 Ubi
775 1613 842 1665 ergo
854 1601 949 1664 potest
963 1613 1026 1649 cum
1038 1593 1209 1654 Annubione
1223 1619 1287 1656 con-

119 1681 233 1733 gressus
247 1669 276 1715 et
290 1661 462 1730 colloquium
495 1662 594 1716 abari?
618 1663 656 1715 Et
668 1663 769 1716 Petrus
782 1663 836 1716 ait:
855 1661 1041 1729 Antiochiae,
1061 1663 1102 1717 ibi
1115 1667 1189 1719 enim
1202 1669 1286 1722 audio

119 1747 178 1783 esse
193 1729 339 1782 Simonem
351 1746 481 1799 magum,
498 1747 580 1798 quern
593 1729 747 1783 Annubion
768 1735 926 1784 associatus
945 1747 1001 1784 non
1019 1731 1132 1785 deserit.
1168 1735 1287 1798 Quando

119 1813 183 1868 ergo
197 1797 260 1849 illie
273 1795 423 1862 fuerimus,
437 1796 461 1848 si
475 1814 522 1850 eos
535 1797 744 1862 nanciscamur,
759 1797 930 1866 disceptatio
943 1796 1004 1850 fieri
1037 1800 1131 1853 eterit.
1160 1801 1197 1854 Et
1210 1810 1287 1872 post-

119 1881 199 1932 quam
214 1864 250 1916 de
264 1863 362 1916 multis
377 1863 573 1929 disseruimus,
587 1871 700 1933 propter
711 1865 936 1935 recognitionem
949 1817 1054 1935 gautiio
1065 1867 1169 1936 repleti
1182 1876 1211 1924 et
1223 1869 1287 1926 Deo

119 1932 226 2002 gratias
239 1949 255 1984 a
280 1936 362 1984 entes
375 1937 457 1984 nocte
472 1931 689 2000 superveniente
703 1931 739 1984 ad
752 1949 879 1984 somnum
891 1949 942 1984 nos
956 1933 1134 1986 contulimus.

184 1998 239 2051 CX
271 1997 307 2050 II.
342 1997 556 2050 Exortoautem
568 2015 649 2052 mane
666 2004 749 2068 pater
765 2017 828 2052 eum
845 2005 934 2052 matre
950 2006 1047 2054 nostra
1059 2001 1205 2072 tribusque
1218 2003 1287 2059 filiis

119 2065 265 2134 ingressus
278 2066 308 2117 in
321 2065 413 2117 locum
425 2065 474 2118 ubi
487 2071 547 2118 erat
559 2065 670 2131 Petrus,
685 2084 748 2119 cum
761 2068 923 2132 salutasset,
938 2067 1026 2134 sedit,
1041 2068 1144 2122 deinde
1156 2089 1207 2125 nos
1220 2089 1287 2141 quo·

119 2149 170 2200 que
185 2133 237 2185 illo
250 2132 375 2185 iubente.
393 2130 437 2184 Ac
449 2133 552 2186 Petrus
564 2140 673 2202 patrem
686 2134 807 2186 intuitus
820 2135 874 2188 ait:
893 2134 1031 2203 Percupio
1044 2141 1073 2188 te
1086 2136 1161 2190 idem
1171 2143 1286 2208 sentire,

119 2199 192 2268 quod
204 2217 275 2254 uxor
287 2216 321 2252 ac
334 2199 432 2264 liberi,
445 2205 477 2252 ut
490 2205 519 2252 et
531 2199 578 2253 hic
592 2218 654 2253 cum
668 2201 709 2254 eis
722 2201 869 2268 convivas,
883 2207 912 2255 et
925 2201 985 2254 illie
1018 2209 1064 2255 ost
1076 2204 1186 2260 animae
1199 2224 1216 2260 a
1229 2226 1287 2262 eor·

119 2283 183 2334 pore
198 2267 411 2319 disiunctionen
424 2266 507 2318 simul
521 2284 583 2320 cum
596 2268 703 2320 eisdem
717 2269 755 2320 sis
768 2269 843 2322 omni
854 2269 985 2322 molestia
995 2221 1072 2322 Iiber.
1090 2270 1136 2323 An
1147 2275 1287 2329 nonenim

118 2339 146 2386 te
159 2339 247 2402 atque
260 2334 326 2387 illos
339 2333 458 2386 maxime
472 2334 666 2400 contristaret,
681 2335 706 2390 si
717 2353 774 2388 una
786 2353 842 2388 non
855 2335 977 2388 essetis?
1001 2336 1039 2388 Et
1051 2343 1145 2404 pater:
1166 2338 1286 2396 Omnino

119 2416 194 2453 sane.
232 2400 305 2453 Tum
318 2401 433 2454 Petrus:
454 2400 484 2454 si
496 2417 564 2472 ergo
576 2400 640 2455 heic
657 2401 779 2454 invicem
792 2407 937 2470 separatos
950 2417 1026 2468 esse,
1040 2403 1172 2458 molestia
1185 2406 1286 2475 afficit,

118 2484 222 2533 nonne,
236 2469 349 2536 quando
362 2474 556 2537 postmortem
570 2469 624 2521 erit
636 2469 750 2522 omnino
763 2485 880 2521 necesse
893 2485 943 2521 vos
952 2485 1009 2521 non
1019 2485 1081 2522 esse
1092 2470 1184 2537 simul,
1197 2475 1287 2529 multo

118 2535 211 2614 magis
224 2541 254 2588 ts
268 2535 464 2601 contristabit,
478 2541 506 2588 te
520 2535 643 2604 quidem,
658 2536 706 2604 qui
718 2535 760 2586 vir
773 2535 886 2604 sapiens
897 2551 937 2600 es,
949 2536 1059 2590 ratione
1069 2541 1135 2590 tuae
1144 2539 1287 2608 opinionis

119 2602 248 2672 disrungi
261 2619 277 2655 a
289 2603 356 2666 tuis,
370 2603 436 2656 illos
449 2619 515 2656 vero
528 2603 617 2656 multo
630 2602 721 2672 magis
735 2602 844 2666 dolere,
858 2601 934 2670 quod
947 2601 1040 2656 sciant
1052 2608 1081 2656 te
1094 2603 1151 2658 alia
1164 2609 1287 2663 sentien-

117 2675 176 2722 tem
190 2678 335 2722 aeternum
349 2669 519 2738 supplicium
531 2671 568 2722 ob
581 2670 640 2722 veri
654 2669 796 2740 dogmatis
808 2669 990 2738 negationem
1003 2687 1123 2724 manere.

187 2735 323 2788 CXXIII.
358 2736 396 2788 Et
412 2742 494 2806 pater
510 2737 595 2790 dixit:
619 2736 732 2790 Atnon
749 2737 790 2790 ita
807 2741 864 2802 est,
886 2753 902 2789 o
920 2735 1025 2803 amice,
1043 2744 1075 2789 ut
1091 2739 1167 2807 apud
1181 2738 1287 2796 inferos

118 2803 274 2872 puniantur
290 2803 414 2871 animae,
434 2804 565 2872 quoniam
583 2804 678 2858 anima
696 2805 880 2872 simulatque
898 2820 915 2856 a
931 2821 1046 2873 corpore
1060 2804 1238 2874 discesserit,
1258 2810 1288 2864 in

118 2873 215 2923 aerem
228 2871 400 2924 dissolvitur.
430 2872 552 2940 Excepit
566 2871 680 2924 Petrus:
699 2871 810 2950 Itaque,
822 2887 912 2940 usque
925 2871 991 2924 dum
1002 2871 1056 2926 hac
1069 2873 1104 2924 de
1116 2890 1147 2928 re
1159 2874 1214 2928 tibi
1226 2895 1288 2945 per-

119 2937 298 3002 suadeamus,
311 2939 450 3006 responde
460 2937 544 2990 mihi:
556 2955 649 2992 nonne
661 2939 716 2991 tibi
728 2939 849 3005 videtur,
861 2943 890 2992 te
904 2938 1026 3008 quidem,
1059 2939 1088 2993 ui
1101 2940 1209 2996 futuras
1222 2962 1288 3013 poe·

118 3021 171 3057 nas
184 3022 242 3058 non
256 3005 548 3074 credis,nequaquam
562 3006 666 3072 dolere,
680 3006 745 3060 illos
755 3024 830 3072 vero,
844 3005 892 3074 qui
902 3006 1028 3074 credunt,
1041 2957 1077 3061 ³3
1087 3013 1116 3061 te
1126 3013 1288 3067 necessario

118 3070 211 3142 angi?
237 3071 310 3124 Tum
326 3079 420 3141 pater:
450 3072 540 3126 Recte
558 3073 638 3125 dicis.
673 3072 775 3126 Petrus
793 3078 902 3126 autem:
920 3074 958 3127 Et
975 3091 1059 3154 quare
1077 3077 1288 3134 maximodete

118 3155 245 3192 maerore
257 3156 313 3193 non
326 3156 374 3192 eos
388 3139 523 3194 liberabis
536 3139 605 3192 fidei
617 3141 787 3206 assentiens,
801 3157 857 3192 non
869 3141 975 3208 pudore
988 3159 1116 3211 mquam,
1130 3145 1181 3197 sed
1193 3148 1288 3216 aequi-

118 3211 194 3270 tate,
214 3206 248 3258 de
267 3206 303 3257 iis
320 3223 392 3274 quae
410 3207 464 3260 tibi
480 3225 497 3260 a
508 3224 552 3260 mo
567 3207 699 3260 dicuntur
711 3207 852 3259 audiendo
860 3212 895 3258 et
913 3207 1078 3274 iudicando,
1096 3216 1188 3264 utrum
1201 3229 1235 3266 ea
1248 3215 1289 3268 ita

118 3273 255 3337 habeant,
268 3290 320 3326 nec
334 3273 389 3327 ne?
415 3272 458 3328 Ae
472 3275 496 3326 si
509 3274 623 3343 quidem
636 3275 677 3326 ita
690 3280 747 3338 est,
761 3280 793 3324 ut
805 3273 938 3337 dicimus,
958 3279 986 3326 et
999 3274 1046 3327 hie
1058 3293 1114 3328 una
1127 3295 1190 3328 curn
1204 3281 1288 3332 earis-

119 3339 201 3392 simis
219 3340 409 3393 delectaberis
429 3347 458 3394 et
475 3341 536 3394 illie
554 3359 617 3394 cum
638 3340 746 3394 eisdem
762 3339 888 3408 requiem
907 3341 1097 3407 consequeris.
1133 3343 1241 3404 Quodsi
1258 3346 1288 3398 in

119 3423 277 3460 sermonem
288 3413 399 3460 tuorum
412 3409 620 3477 disceptatione
632 3407 804 3472 ostenderis,
823 3421 894 3474 quae
907 3422 924 3458 a
936 3405 1019 3458 nobis
1032 3416 1196 3460 asseruntur
1208 3409 1288 3463 fabu-

118 3475 177 3526 lam
190 3490 253 3527 esse
271 3490 388 3543 eamque
405 3475 521 3542 falsam,
540 3476 626 3529 etiam
644 3475 685 3528 sic
701 3474 845 3543 praeclare
862 3471 966 3538 facies,
984 3473 1050 3526 illos
1066 3474 1196 3528 nimirum
1213 3477 1288 3532 idem

118 3547 215 3594 tecum
232 3541 390 3595 sentientes
406 3543 466 3596 acci
489 3543 564 3609 iens,
582 3542 768 3611 efficiensque
780 3546 813 3594 ut
825 3540 967 3594 desistant
984 3558 1058 3595 vana
1075 3559 1125 3611 spe
1144 3542 1243 3610 inniti,
1259 3552 1288 3599 et

118 3607 257 3662 liberabis
271 3608 354 3662 falsis
366 3562 528 3664 terroribus.

116 3763 325 3774 -.-—-———

122 3879 176 3916 σου
197 3860 307 3916 τούτων
328 3863 455 3932 ἐλέγχους
480 3866 574 3915 addunt
597 3866 684 3926 Hom.;
729 3869 813 3915 noster
836 3866 911 3922 Hom.
931 3867 994 3932 XV,
1019 3864 1030 3915 l
1058 3867 1125 3929 cod,
1151 3886 1196 3918 nec
1220 3872 1287 3934 vulg.

118 3934 191 3999 Epit.
204 3933 249 3983 ἵνα
262 3928 337 3999 παρὰ
351 3934 403 3983 σοῦ
415 3929 500 3984 πάλιν
513 3930 619 3998 τάληθῆ
629 3929 684 4000 μά·
728 3933 798 3998 Epic.

119 4005 164 4051 θω
183 4002 228 4050 καὶ
248 4001 350 4064 βέβαια,
371 4029 404 4036 -
424 3996 453 4067 3)
470 4002 514 4051 καὶ
532 4017 579 4052 om.
599 4002 630 4052 V.
651 4027 684 4034 -
752 3999 947 4064 eapexxm.
966 3995 992 4065 l)
1007 3995 1058 4051 τὸν
1070 4002 1098 4048 0.
1111 3997 1184 4066 *2)
1198 4001 1288 4052 τοῦθ.

118 4063 148 4134 4)
161 4062 331 4132 ἀληθεύουσι
344 4069 375 4118 V.
725 4093 760 4101 —
772 4061 800 4130 3)
813 4067 951 4198 nstnops‘v
964 4080 995 4116 σε
1006 4068 1034 4114 0.
1047 4093 1081 4102 -
1092 4063 1118 4129 4)
1133 4067 1166 4131 τῇ
1177 4063 1287 4119 κολάσει
1332 4127 1342 4146 .

189 4147 359 4232 σῆμ’ρΧΧῙ,
395 4164 422 4233 1)
441 4163 474 4232 ἦν
490 4169 518 4218 0¹
536 4195 570 4204 -
590 4164 618 4234 2)
639 4168 684 4218 καὶ
727 4134 804 4182 0.-
820 4129 848 4197 5)
863 4132 898 4195 [εἰ
921 4121 1287 4200 aceessItexHom.'‚Epit...

119 4253 160 4284 om
183 4236 203 4284 0
726 4197 752 4260 6)
778 4211 830 4247 σου
856 4200 970 4247 inserunt
996 4200 1070 4247 Hom.
1089 4205 1114 4247 et
1136 4201 1220 4266 Elpia,
1244 4203 1289 4252 ubi

163 4271 168 4282 ⁸
207 4273 212 4283 ⁸
726 4265 786 4322 δἐἶξ

173 4336 233 4400 Cup.
247 4335 353 4386 CXXII.
394 4330 420 4400 l)
445 4336 540 4398 Notula
559 4330 621 4386 κάθ.
645 4329 682 4401 γ’,
726 4283 867 4400 -8Ξςῷιῇ
878 4261 1287 4402 gglxgld-es·9l)nlggrgssl{¹11fi‚tflglgl

119 4403 152 4452 ad
176 4419 245 4452 oram
264 4403 293 4451 O.
319 4429 352 4436 -
384 4399 409 4464 2)
432 4399 465 4454 οὐ
489 4419 540 4452 uon
570 4402 684 4465 agnoscit
726 4402 801 4452 Hom.
814 4407 839 4451 et
850 4401 877 4450 in
888 4399 958 4466 Epit.
972 4400 1003 4450 al.
1017 4415 1057 4466 ap.
1071 4401 1123 4450 Cot.
