3126 4894
229 294 292 358 218
701 305 930 358 οεειιεκιιιιι

231 461 299 525 θότι
312 459 382 542 ύπὲρ
396 463 445 563 τῆς
459 461 515 524 τῶν
537 459 651 524 πάντων
672 461 812 567 σωτηρίας
829 459 878 524 τὸν
896 459 1010 540 μειζονα
1030 457 1210 532 ἀνεδίξω’
1163 484 1309 564 καματοη
1332 458 1407 561 ρλστε

231 544 281 650 ε’ἀν
295 571 328 609 σε
341 541 437 608 πολλοὶ
448 548 504 608 τῶν
516 543 643 648 ἀδελφῶν
654 544 740 608 διὰ
707 567 761 644 την
770 543 812 607 ἐπ’
826 544 912 623 ἀκρον
925 541 1096 622 δικαιοσύνην
1106 541 1171 622 μισή
1173 566 1251 616 σωσι,
1266 543 1298 604 τὸ
1311 543 1407 608 αὐτῶν

230 628 280 711 μὲν
294 640 374 732 μῖσρς
388 627 466 692 οόδίν
480 654 513 692 σε
526 627 667 710 βλάψε,
654 656 671 710 η
687 624 717 692 δὲ
730 654 779 692 του
765 629 900 691 δικαίου
912 630 983 690 θεοῦ
995 627 1073 708 φιλία
1086 625 1157 689 πολύ
1171 651 1203 689 σε
1216 613 1316 708 ὀνήσει.
1332 627 1408 692 ὥστε

231 719 317 794 πειρολ
331 714 380 776 τὸν
395 715 430 838 ἐξ1
440 713 550 784 ἀδικίας
564 712 703 814 γινόμενον
718 713 830 776 ἔπαινον
842 710 1037 785 ἀποσείεσθαι,
1054 709 1100 773 διά
1111 707 1141 773 δὲ
1156 655 1267 775 δικαίαί
1276 712 1408 792 διοίκησιν

232 799 280 862 τὸν
294 801 324 862 ἐκ
338 797 430 860 θεον1
446 800 575 880 ε’πωφελή
590 795 749 879 θηρεύειν
733 821 856 860 επαινοι.

316 923 423 982 CLVI.
472 923 618 1024 Τμιλτα’
590 922 676 985 ειπών
691 919 737 984 καλ
752 921 790 985 τὰ
808 921 912 984 τούτων
926 922 1041 984 πλείονα
1055 918 1139 1022 πάλιν
1149 945 1189 998 τῳ
1179 919 1305 1001 πλήθει
1320 945 1408 1001 προσ-

231 1008 383 1090 βλέψας]
357 1021 443 1069 επεν·
460 1033 506 1070 και
520 1003 597 1086 ὑμεῖς
611 1005 685 1081 δὲ’
666 1031 805 1110 αχαπητοι
819 1031 871 1086 μου
886 1001 1001 1086 ἀδελφοι
1016 1030 1063 1067 και
1055 981 1231 1078 σύνδουλοι,
1246 1007 1286 1082 τῴ
1281 1030 1408 1106 προκα-

234 1092 426 1172 θεζομελιφ
393 1117 444 1171 της
466 1090 605 1195 ἀληθείας
624 1092 698 1153 κατὰ
717 1091 814 1153 πάντα
836 1087 968 1163 ύπείξατε
981 1091 1063 1152 τούτο
1077 1085 1231 1162 εἰδότες,”
1212 1113 1256 1150 οτι
1274 1087 1290 1150 6
1306 1093 1407 1154 τούτου

231 1173 358 1281 λυπήσας
373 1167 553 1254 Χριστὸν,
522 1199 554 1236 ου
568 1173 617 1256 τήν
632 1174 777 1254 καθέδραν
789 1175 977 1245 πεπιστευται,
993 1172 1042 1235 οόκ
1051 1167 1238 1246 ε’δίξιιτο,
1192 1198 1238 1234 και
1249 1197 1266 1233 0
1257 1169 1408 1253 Χριστὸν

232 1287 270 1341 μη
257 1204 467 1339 λλιξάμενος
448 1284 487 1330 ως
502 1257 650 1362 ἀθετήσας
664 1258 712 1321 τὸν
727 1258 837 1338 πατίρα
851 1263 894 1338 λοχ
896 1256 971 1336 ισθι
972 1273 1063 1319 σεται
1079 1255 1168 1318 διὸ
1136 1282 1186 1336 της
1200 1255 1316 1337 ἀχαθής
1326 1264 1408 1340 βασι·

232 1344 309 1415 λείας
324 1343 433 1424 αποβλι
436 1341 564 1422 θήσεται
580 1335 613 1406 06
627 1341 725 1448 είμεκεν
744 1343 914 1440 πειράσθε’
899 1367 926 1403 ιν
940 1339 1047 1412 πάσαις
1067 1339 1192 1410 συνόδοις
1210 1343 1407 1421 συνίρχεσθαι,

234 1426 280 1490 ίνα
293 1427 331 1509 μή
350 1425 389 1498 ὡς
407 1423 617 1532 26666666666‘
605 1426 660 1488 υπὸ
658 1429 729 1531 της
747 1429 796 1487 τού
817 1423 967 1528 ταξιάρχου
980 1424 1112 1527 ἀθυμιας
1127 1421 1267 1528 ἁμαρτίας
1282 1426 1407 1506 ἔγκλημα

233 1510 345 1615 λάβητε.
366 1511 408 1574 διὸ
426 1511 482 1590 πρὸ
499 1510 618 1611 πάντων
637 1510 665 1573 οί
683 1507 788 1581 πάντες
806 1509 843 1571 τὰ
861 1505 930 1587 6666
951 1509 1037 1612 66606
1054 1517 1182 1614 φρονεῖτε
1195 1513 1277 1572 τοῦτο
1292 1509 1407 1585 ειδότες,

231 1593 276 1658 ὅτι
290 1595 355 1658 δι”
336 1596 474 1698 εκαστοη1
492 1593 569 1674 ὑμῶν
584 1593 600 1658 6
614 1594 733 1698 πονηρὸς
753 1593 830 1698 6666
843 1593 921 1674 μόνῳ
940 1593 972 1654 τὸ
992 1599 1085 1694 πλεῖον
1104 1593 1263 1696 ε’χθραίνων
1281 1619 1407 1700 660666

231 1677 342 1761 λεμεῖ.
329 1689 426 1782 υμεῖς
419 1673 467 1741 οόν
482 1683 622 1758 πειρᾶσθε
632 1683 666 1781 ιη’
678 1678 750 1758 πρὸς
765 1677 851 1780 66666
865 1681 966 1782 ρτορχή
981 1704 1027 1739 και
1039 1679 1072 1758 τή
1085 1676 1154 1757 πρὸς
1160 1676 1339 1782 ἀλλήλους’
1310 1679 1407 1761 ευνοίᾳ

232 1769 364 1826 διατελεῖν
379 1758 426 1825 καί
441 1761 537 1841 αότιχλ2
552 1761 704 1837 ἐπακούειν,
720 1761 766 1825 ἶνα
780 1788 828 1824 και
844 1761 930 1833 αότὸς
944 1763 1106 1842 κουφίζηται
1121 1757 1168 1822 καλ
1181 1758 1258 1842 ὑμεῖς
1272 1743 1406 1844 σωθήνάι

234 1851 382 1928 δυνηθῆτε.

316 1971 439 2032 CLVII.
478 1970 558 2034 Ἕνια
578 1967 672 2035 δὲκαὶ
692 1971 744 2076 ἀφ’
763 1972 870 2036 ἑαυτῶν
890 1981 960 2034 νοεῖν
980 1970 1116 2078 ὀφείλετε,
1138 1970 1236 2035 διά“το
1256 1973 1342 2073 αὐτὸν
1361 1975 1405 2053 μή

231 2053 410 2120 δύνασθαι’
394 2083 422 2120 εν
441 2060 554 2137 φανερῷ
573 2059 656 2138 λίχειν
680 2055 726 2118 διά
747 2057 799 2127 τὰς
820 2055 981 2139 ἐπιβουλάς
1004 2054 1062 2118 οἷον
1076 2055 1126 2118 ε’ἀν
1142 2057 1277 2136 ἐχθραίνη
1292 2081 1352 2131 τινι,
1366 2057 1406 2140 μή

232 2140 382 2246 ἀναμένετε
402 2140 488 2204 αὐτὸν
507 2141 606 2214 εἰπεῖν,
628 2167 667 2218 τῳ
656 2137 762 2202 δὲ
731 2167 769 2222 μη
787 2140 1036 2248 προσαμίλλασθε,
1055 2139 1128 2202 ἀλλά
1143 2142 1282 2245 φρονίμως
1296 2141 1406 2204 ἕπεσθε

231 2225 317 2288 αότυιλ
337 2250 376 2304 τῳ
365 2225 560 2332 βουλήματι,
584 2220 682 2304 ἐχθροὶ
702 2225 833 2306 γινόμενοι
853 2223 894 2296 οἷς
908 2223 1061 2328 ἐχθραίνει,
1078 2220 1125 2286 καλ
1139 2225 1177 2305 μή
1192 2222 1395 2329 ὁμιλοῦντες
1361 2253 1406 2298 οις

229 2309 267 2413 μή
281 2306 375 2390 ὁμιλεῖ,
391 2336 437 2373 ινα
451 2334 567 2381 εκαστυς
582 2308 877 2416 εἰἳιιδικαζόμενοςῙ
816 2335 856 2388 τῳ
896 2307 1008 2380 πάντας
1026 2309 1161 2389 φιλους
1144 2335 1213 2389 εχειν
1228 2309 1315 2416 αὐτὸνΙ
1328 2317 1404 2374 διαλ-

229 2392 339 2457 λάττων
360 2393 537 2500 σώζηται
504 2419 554 2496 της
575 2394 661 2457 αὐτοῦ
669 2393 826 2502 ἐπακούων
829 2391 960 2498 ὁμιλίας
984 2419 1008 2457 ει
1005 2393 1060 2455 66
1075 2418 1115 2464 τις
1134 2391 1263 2496 66204³
1231 2392 1336 2499 μευή2
1361 2393 1406 2468 οἷς

231 2479 317 2550 αότός
331 2479 481 2560 ἐχθραίνει,
496 2505 543 2542 και
535 2474 680 2540 ’λαλεῖ
649 2503 690 2548 οις
705 2479 790 2550 αιλτὸς
804 2477 854 2583 ούχ
869 2476 1007 2557 ὁμιλεῖ,
978 2503 1017 2548 εις
1032 2478 1105 2539 ἐστιν
1119 2473 1166 2540 καὶ
1180 2477 1266 2550 αὐτὸς
1276 2482 1333 2542 τῶν
1344 2478 1406 2542 ὀλο

230 2562 344 2688 θρεόειν5
358 2562 501 2667 θελόντων
521 2558 569 2662 666
589 2563 750 2667 ἐκκλησίαν·
771 2561 787 2625 6
808 2563 861 2644 γὰρ
880 2565 939 2642 66³
959 2561 1066 2643 σώματι
1084 2565 1173 2624 συνὼν
1195 2559 1256 2642 ύμῖν
1277 2557 1363 2625 καλ4
1357 2567 1405 2643 τῇ

231 2645 344 2754 666665
362 2646 399 2729 μή
415 2646 453 2711 66
466 2647 532 2727 μεθ
550 2645 635 2727 ὑμῶν,
651 2647 722 2710 καθ’
737 2645 814 2727 ύμων
829 2649 909 2721 ἐστιν,
925 2651 1019 2725 πολλιχλ
1033 2647 1131 2752 χείρων
1146 2651 1201 2710 τῶν
1216 2647 1325 2721 ἔξωθεν
1339 2674 1405 2730 φαι-

230 2733 350 2810 νομένων
364 2735 484 2812 ε’χθρυλν,
499 2732 570 2811 μετὰ
585 2732 717 2814 δοκούσης
730 2732 823 2812 φιλίας
837 2733 992 2812 σκυρπίζων
1007 2731 1072 2801 τούς
1087 2731 1150 2793 ἔσω.

316 2856 454 2916 CLVIII.
498 2853 559 2920 Καὶ
581 2859 740 2920 ταύταῙ’
713 2857 797 2920 ειπών
817 2860 845 2920 ἐν
866 2883 942 2938 μισῳ
964 2852 1009 2920 ε’πι
1031 2855 1147 2918 πάντων
1168 2881 1215 2938 μοι
1234 2857 1287 2929 τάς
1308 2867 1407 2964 χεῖρας

230 2936 339 3010 ἐπιθεις
353 2942 393 3011 εἰς
406 2942 458 3047 τήν
470 2939 556 3003 αύτου
543 2943 715 3020 καθίδραν
730 2943 920 3043 καθεσθῆναι
934 2967 968 3022 με
983 2939 1165 3021 ἐδυσάπησεν.
1180 2943 1358 3006 καθεσθέντι
1373 2941 1405 3006 δὲ

229 3023 312 3086 τοῦτό
325 3048 377 3124 μοι
385 3025 493 3094 ειλθίως
508 3025 560 3129 ἔφη
569 3024 661 3098 ἀξιῶ
676 3050 708 3087 σε
723 3021 767 3087 ε’πλ
782 3023 896 3088 πάντων
910 3051 963 3105 μου
977 3030 1033 3088 τῶν
1048 3023 1251 3128 συμπαρόντωρ
1263 3026 1404 3109 ἀδελφῶν,

229 3102 308 3178 ὅπως
322 3104 433 3171 ὁπόταν
448 3111 496 3169 τού
512 3110 649 3212 ἐνταῦθα,
665 3105 704 3180 64
719 3111 778 3190 ε’μυι
770 3105 941 3192 ’ὀφειλετιιι,
958 3109 1115 3184 ἀπαλλάξω
1129 3111 1198 3192 βίου,
1214 3107 1264 3174 06²
1280 3111 1406 3213 Ἰακώβῳ

231 3216 271 3270 τιρ
259 3191 399 3274 ἀδελφήν
413 3195 463 3254 τού
478 3192 571 3273 κυρίου
562 3185 774 3297 616666666’
758 3221 785 3257 εν
797 3197 915 3299 ἐπιτομῇ
935 3193 1176 3300 ἀναγραφόμενον
1194 3195 1271 3275 μίχρι
1284 3191 1331 3258 καλ
1347 3200 1405 3260 τῶν

231 3278 261 3339 ἐκ
275 3275 376 3348 παιδός
390 3302 440 3341 σου
454 3280 602 3381 λογισμῶν,
626 3303 673 3340 και
698 3305 736 3349 ως
755 3279 803 3341 ἀπ’
822 3279 908 3360 ἀρχης
925 3304 1002 3358 μεχρι
1022 3281 1070 3340 τοῦ
1090 3283 1138 3343 νῦν
1157 3279 1334 3350 συνώδευσάς
1347 3305 1404 3360 μοι,

230 3361 375 3425 ἐπακούων
395 3367 450 3426 τῶν
470 3361 544 3425 κατὰ
563 3359 674 3468 πόλιν
662 3363 709 3424 υπ’
729 3365 793 3443 6606
810 3366 1006 3468 κηρυχθίντωη
1025 3363 1114 3442 λόχων
1141 3388 1171 3426 τε
1189 3389 1236 3426 και
1229 3359 1404 3444 πράξεων·

229 3446 324 3510 ἔπειτα
338 3447 409 3528 πρὸς
423 3473 462 3526 τῳ
450 3443 603 3510 τελει“
558 3473 604 3509 και
615 3447 679 3551 τήν
675 3452 723 3510 τού
735 3448 867 3510 θανάτου
880 3473 932 3545 μου
943 3446 1098 3551 πρόφασιν,
1109 3445 1149 3520 64
1160 3457 1301 3527 προεῖπον,
1317 3453 1405 3529 0665-

228 3554 277 3592 σαι
290 3529 331 3613 μή.
343 3531 468 3635 ὀκρήσης
493 3532 525 3594 οό
545 3535 597 3614 χάρ
618 3532 702 3596 αὐτὸν
719 3529 832 3612 λυπήσει
850 3535 933 3594 τοῦτο
952 3531 1098 3605 ειδότα,“
1082 3557 1124 3594 οτι
1132 3523 1154 3594 6
1170 3531 1285 3604 πάντως
1300 3532 1354 3594 ἔδει
1364 3559 1406 3637 με

229 3625 336 3678 παθεῖν
336 3615 476 3719 εήσεβῶς
495 3615 648 3720 ἀπεδόμην
670 3616 798 3717 μεχιλιτης
817 3613 847 3678 δὲ
865 3617 1052 3695 παραμυθίας
1072 3615 1197 3690 τεύξεται
1217 3615 1376 3695 μαθὼν,”
1359 3642 1405 3680 οτι

227 3697 284 3776 μετ’
298 3693 352 3802 ἐμὲ
358 3699 408 3761 οόκ
409 3698 567 3802 ἀμαθής’
551 3699 620 3802 6666
634 3727 681 3762 και
674 3695 843 3802 ’ζωοπριιηὺς
853 3698 978 3780 λόχους
962 3703 1071 3780 αχνοῶν
1081 3727 1129 3762 και
1121 3697 1285 3779 ἐκκλησίας
1294 3699 1405 3765 κανόνα

227 3780 279 3884 666
294 3779 417 3886 6664·
388 3808 436 3890 την
449 3808 499 3846 του
486 3783 692 3854 διδάσκοντος
703 3771 853 3846 ι’πιστεύθν
843 3785 1019 3864 καθέδραν.
1033 3782 1160 3856 πλάνος3
1175 3781 1229 3866 χάρ
1239 3783 1386 3866 ὁμιλία
1345 3811 1405 3848 των

229 3864 389 3930 ἀκουόντων
402 3867 527 3946 ὄχλων’
507 3877 619 3948 αναιρεῖ
628 3867 682 3939 τὰς
696 3867 799 3948 ψυχάς

314 3992 423 4052 CLIX.
464 3991 584 4056 066'
555 3993 629 4094 εχώ,
645 3992 721 4092 κύριί
729 4019 783 4073 μου
796 3993 917 4100 Ἰάκωβε,
934 3993 1019 4057 αύτοίι
1033 3995 1126 4098 ταῦτα
1141 3993 1269 4067 εἰπόντος
1282 3992 1404 4100 ὑποσχό-

227 4100 309 4152 μενος
327 4077 378 4138 οόκ
396 4076 521 4156 ὤκνησα,
542 4073 581 4146 64·
598 4075 806 4180 ε’κελεήθην,
781 4103 814 4142 το
827 4077 898 4142 πολύ
916 4082 972 4142 τών
992 4077 1067 4141 κατὰ
1081 4076 1161 4141 πόλιν
1175 4077 1264 4182 λόχων
1278 4083 1335 4141 τῶν
1351 4077 1405 4162 ήδη

228 4180 273 4217 σοι
282 4183 502 4264 προηριηφεντων
525 4155 571 4222 καὶ
591 4157 639 4222 ἀπ’
655 4160 740 4222 αότοιλ
760 4164 1025 4266 διαπεμφθεντων’
1009 4188 1078 4225 ενι
1052 4163 1190 4245 βιβλοις’
1175 4188 1220 4224 ειτι
1237 4166 1405 4269 κεφαλαίων

229 4243 356 4318 ποιησαι,
376 4242 470 4322 ὥσπερ
488 4245 598 4324 σημείου
612 4243 706 4324 χάριν,
726 4271 773 4307 και
763 4241 893 4316 ³06664¹
899 4247 1074 4370 διαπέμψαι
1087 4271 1132 4309 σοι
1146 4246 1310 4328 ε’πιχράψας
1325 4247 1405 4330 Κλή-

227 4346 326 4401 μεντος
340 4348 394 4388 των
410 4329 520 4406 Πέτρου
535 4328 681 4407 ἐπιδημωνν
696 4327 876 4408 κηρυγμάτων
890 4328 1029 4410 666066.2
