3126 4894
13 4353 15 4424 l

13 4637 15 4680 ι

13 4681 15 4770 Ι

564 321 720 370 EPITOME
738 321 850 371 PRIOR.
1249 306 1290 369 35

114 489 224 525 mecum
238 469 463 539 colloqueretur,
482 471 515 520 ut
526 485 544 522 a
555 472 584 522 te
598 466 684 520 dictis
696 467 850 522 assentirer
861 467 992 538 omnique
1005 468 1088 522 modo
1100 468 1136 521 sd
1149 467 1179 520 id
1191 467 1290 548 impel-

115 543 195 606 lerer,
209 536 288 603 Quid
300 553 376 603 vere,
391 535 449 588 dixi
463 551 478 589 e
501 551 517 588 o
530 533 685 605 adipsum,
699 540 830 606 potestne
848 535 887 589 ali
909 535 953 588 uis
968 535 1132 616 praecipere
1145 535 1291 605 quidpiam

115 623 218 662 novum
251 610 347 658 raeter
359 604 398 669 id,
412 621 466 673 quo
499 609 584 656 antea
596 609 707 656 veteres
716 553 908 656 monuerunti
917 601 957 656 At
966 603 1016 656 rlle
1025 609 1175 674 postquam
1188 603 1291 658 leniter

114 676 194 741 risit,
243 690 363 754 agnum,
383 671 490 740 inquit,
510 670 663 724 discrimen
675 677 733 737 est,
746 676 840 741 pater,
855 671 930 725 inter
940 671 1089 742 religionis
1103 687 1245 724 sermones
1258 689 1291 724 ae

116 741 326 814 philosophiae.
346 740 442 794 Seuno
454 754 576 808 namque
585 739 716 792 veritatis
726 755 761 792 ex
768 739 923 818 prophetia
935 738 1044 792 firmam
1053 739 1165 793 obtinet
1178 738 1291 794 demon-

115 809 300 876 strationem,
311 805 510 887 philosophiae
523 823 590 862 vero
603 825 637 862 ex
649 807 855 876 compositione
867 807 1014 861 verborum
1027 813 1056 860 et
1069 807 1292 861 coniecturarum

115 878 231 932 ridetur
249 877 506 930 demonstratrones
524 875 632 929 afferre.
667 874 777 944 Hisque
791 874 877 928 dietis
890 875 1011 946 exempli
1028 875 1122 950 gratia
1135 875 1292 929 doctrinam

116 946 150 1000 de
162 945 346 1000 humanitate
364 943 434 995 mihi
447 943 593 1013 exposuit,
611 961 695 1013 quam
703 943 804 1026 paullo
815 948 882 996 ante
895 942 922 997 ei
935 959 1124 1010 enarraveras,
1138 959 1210 1013 quae
1223 943 1292 996 milri

115 1013 247 1084 profecto
260 1011 387 1065 maxime*
398 1011 495 1132 initfiua
507 1011 665 1065 videbatur.
689 1012 727 1064 ltt
743 1027 798 1080 quo
811 1011 907 1077 modo,
922 1011 1023 1066 dicam.
1054 1010 1183 1081 Aequum
1196 1011 1293 1066 aiebat

116 1098 180 1136 esse
194 1080 280 1146 etei,
300 1079 350 1148 qni
366 1079 441 1132 maxi
466 1096 512 1132 am
527 1085 606 1133 tuam
622 1078 762 1149 percutit,
779 1079 897 1132 alteram
914 1095 1024 1149 quoque
1037 1094 1194 1150 apponere,
1215 1085 1244 1133 et
1256 1081 1293 1146 ei,

117 1150 165 1220 qui
179 1149 277 1204 aufert
288 1154 370 1202 tuum
381 1147 510 1217 pallium,
522 1147 635 1201 tradere
647 1146 734 1202 etiam
743 1146 883 1214 tunicam,
896 1153 926 1200 et
937 1165 1001 1201 eum
1011 1165 1054 1214 eo,
1067 1148 1116 1218 qui
1125 1149 1161 1202 ad
1172 1147 1292 1203 milliare

117 1235 205 1271 unum
217 1215 323 1288 adigit,
336 1232 387 1285 per
399 1214 454 1268 duo
465 1214 600 1269 milliaria
611 1213 765 1285 proficisci,
780 1220 809 1270 et
821 1214 879 1268 alia
892 1215 1005 1270 similia.

186 1317 322 1372 CXXVI.
356 1315 518 1386 Respondit
533 1315 648 1370 Petrus:
677 1314 767 1386 Atqui
786 1315 841 1369 hoc
859 1316 1030 1370 existimasti
1048 1315 1184 1387 iniquum,
1197 1335 1292 1438 quam·

136 1404 203 1442 uam
227 1384 431 1455 aequissimum
456 1390 507 1437 est.
542 1383 586 1438 Ac
604 1383 629 1436 si
647 1384 738 1450 lubet,
762 1383 836 1438 audi.
876 1383 930 1438 Ille
950 1385 1034 1437 dixit:
1066 1385 1182 1439 Prorsus
1215 1385 1292 1438 ubet.

144 1473 193 1508 um
205 1453 324 1507 Petrus:
343 1451 417 1506 Num
435 1451 489 1505 tibi
507 1451 633 1516 videtur,
652 1470 715 1506 cum
733 1452 787 1505 duo
803 1467 886 1534 reges
903 1451 1001 1506 hostes
1018 1451 1159 1507 exsistant
1176 1459 1206 1508 et
1223 1452 1293 1506 divi-

119 1541 164 1576 sas
182 1521 319 1592 regiones
335 1525 469 1586 teneant,
488 1520 511 1572 si
529 1520 670 1590 quispiam
692 1538 725 1573 ex
743 1520 779 1572 iis
797 1536 846 1588 qur
862 1520 946 1573 alteri
963 1519 1085 1574 subiecti
1099 1525 1165 1573 sunt
1181 1521 1211 1574 in
1223 1521 1293 1574 alte-

117 1591 176 1644 rius
194 1588 315 1660 regione
336 1589 375 1640 sit
391 1587 583 1657 deprehensus
606 1588 726 1657 ideoque
742 1592 861 1641 mortem
882 1593 1035 1654 mereatur,
1055 1592 1085 1641 at
1101 1587 1221 1658 colapho
1238 1605 1295 1642 non

118 1665 216 1712 autem
229 1673 264 1710 ea
285 1656 324 1710 ite
336 1655 455 1726 punitus
467 1673 588 1726 poenam
605 1655 722 1723 evadat,
740 1673 807 1709 num
822 1656 936 1709 videtur
946 1655 1084 1708 humanus
1097 1673 1169 1722 esse,
1183 1655 1231 1726 qui
1247 1673 1293 1709 ve·

121 1727 197 1779 niam
224 1675 325 1777 degit?
355 1723 394 1775 Et
414 1729 496 1793 pater
513 1724 567 1777 ait:
594 1721 762 1777 Admodum.
798 1722 845 1776 Ad
860 1723 932 1776 haec
949 1723 1063 1776 Petrus:
1092 1709 1294 1790 Qsiidvero,si

120 1795 144 1847 is
162 1794 227 1862 ipse
246 1793 332 1845 etium
348 1791 458 1862 aliquid
473 1791 615 1862 proprium
633 1790 755 1862 cuipiam
773 1793 820 1846 vel
838 1797 868 1845 et
884 1791 1009 1845 alienum
1025 1790 1150 1857 auferat,
1171 1797 1201 1845 et
1218 1791 1249 1844 in
1260 1809 1294 1845 eo

120 1859 352 1930 comprehensus,
367 1859 497 1939 simplum
509 1865 559 1912 aut
572 1859 687 1928 duplum
701 1860 762 1924 det,
782 1878 846 1913 eum
859 1859 1009 1930 quadrupli
1022 1859 1060 1911 sit
1073 1859 1199 1924 debitor,
1219 1860 1294 1912 insu-

121 1945 227 1999 perque
247 1927 360 1992 mortis,
381 1944 430 1996 qur
446 1944 547 1996 nempe
560 1928 590 1980 in
607 1926 762 1980 adversarii
779 1926 884 1981 finibus
901 1933 1002 1998 captus
1016 1927 1067 1992 sit,
1081 1944 1174 1981 nonne
1186 1927 1241 1980 tibi
1254 1927 1294 1980 vi-

123 2000 205 2051 detur
220 1995 374 2048 humanum
392 2011 455 2049 esse
472 2012 548 2060 eum,
576 1994 624 2064 qui
642 1994 758 2064 duplum
779 1995 893 2064 accepit
909 2001 939 2049 et
955 2001 1072 2049 mortem
1097 1994 1227 2050 remisit?
1256 1995 1295 2048 Et

122 2070 203 2136 pater
220 2063 385 2133 respondit:
409 2063 493 2117 Nunc
510 2061 677 2144 persuasisti
694 2063 764 2115 mihi
782 2081 847 2128 eos,
865 2063 912 2132 qui
930 2063 1060 2116 iniuriam
1078 2062 1204 2128 faciunt,
1223 2064 1294 2117 iniu-

121 2134 192 2186 riam
204 2130 281 2202 pati,
299 2147 348 2185 eos
366 2136 461 2184 autem
476 2148 524 2200 qur
543 2130 645 2184 iniuria
657 2130 831 2196 afficiuntur,
843 2131 939 2212 potius
954 2130 1084 2184 iniuriam
1097 2131 1198 2185 facere.
1234 2132 1296 2196 Quo

123 2201 199 2253 circa
217 2199 340 2268 amplius
357 2197 427 2250 mihi
445 2198 653 2268 iniquissimum
670 2205 787 2278 apparet
804 2199 942 2268 idipsum
960 2198 1035 2268 quod
1052 2197 1099 2265 fit,
1122 2199 1254 2269 quoniam
1276 2201 1296 2252 ii

122 2267 239 2338 quidem
261 2266 310 2345 qui
327 2266 460 2320 videntur
480 2267 606 2321 conferre
628 2267 771 2334 iniuriam,
794 2267 850 2320 sibi
873 2267 943 2336 ipsis
964 2266 1059 2336 potius
1080 2275 1250 2334 nocuerunt,
1268 2273 1297 2320 et

123 2337 244 2388 multam
260 2334 296 2386 irs
313 2334 362 2403 qui
374 2333 478 2388 iniuria
494 2333 591 2389 affecti
605 2340 671 2387 sunt
683 2341 817 2403 pararunt
831 2336 1001 2400 utilitatem,
1019 2334 1068 2402 qui
1084 2352 1151 2389 vero
1165 2335 1298 2388 videntur

124 2402 258 2456 iniuriam
276 2401 425 2468 sustinere,
444 2399 499 2471 ipsi
518 2419 580 2456 cam
592 2401 686 2473 potius
702 2402 836 2467 inferunt,
850 2403 916 2471 quia
933 2401 1004 2454 iicet
1016 2401 1166 2470 plurimum
1182 2401 1218 2456 ab
1237 2401 1296 2454 illis

125 2470 266 2524 commodi
276 2469 407 2536 tulerint,
421 2485 469 2523 eos
482 2470 542 2539 puri
553 2470 647 2542 gratia
659 2475 909 2522 nonremuneraut.
928 2469 966 2520 Et
975 2469 1089 2521 Petrus:
1109 2469 1213 2522 Verum
1226 2469 1297 2522 haec

124 2557 180 2592 non
193 2543 295 2592 contra
306 2537 518 2604 infestantium,
536 2539 586 2592 scd
604 2543 701 2591 contra
713 2537 912 2590 infestatorum
928 2536 1104 2589 voluntatem
1117 2537 1296 2608 contingunt.

194 2637 344 2692 CXXVII.
372 2637 454 2691 Tunc
469 2646 552 2710 pater
567 2639 684 2693 laudata
700 2655 734 2692 ea
751 2636 878 2691 oratione
897 2637 938 2691 ait
956 2637 992 2690 ad
1010 2635 1137 2691 Petrum:
1157 2635 1227 2702 Sed,
1249 2635 1296 2690 do-

125 2708 201 2761 mine
213 2707 263 2773 mi,
275 2705 351 2760 hunc
363 2723 475 2776 quoque
488 2723 645 2762 sermonem
661 2705 730 2758 mihi
744 2705 863 2760 declara.
891 2704 1009 2759 Memini
1022 2705 1106 2770 enim,
1120 2703 1296 2759 Clementem

125 2775 195 2828 mihi
208 2775 319 2839 dicere,
337 2791 388 2828 nos
406 2773 524 2838 iniurias
542 2780 572 2828 et
589 2773 762 2828 afflictiones
780 2773 817 2827 ad
828 2779 1009 2843 pcccatorum
1020 2772 1216 2826 remissionem
1228 2772 1296 2843 pati.

125 2844 162 2896 Et
181 2843 299 2896 Petrus:
317 2841 409 2896 Recte
425 2841 514 2896 habet
530 2847 615 2912 atque
633 2842 674 2896 ita
693 2847 744 2895 est.
780 2842 858 2905 Quae
880 2841 956 2896 enim
971 2840 1100 2894 homines
1120 2839 1297 2910 possidemus

127 2912 209 2981 plura
221 2914 392 2980 appetentes
411 2909 470 2964 sive
488 2915 598 2977 vestes,
612 2909 735 2979 inquam,
755 2909 919 2976 sivc'escas,
933 2909 993 2962 sive
1007 2909 1152 2989 potiones,
1168 2907 1228 2962 sive
1240 2909 1298 2962 alia

127 2978 292 3048 quaepiam,
310 2995 367 3031 non
382 2983 460 3032 recte
478 2977 591 3031 omnino
609 2975 749 3031 facientes
761 2977 953 3048 possidemus,
970 2994 1037 3047 qula
1050 2976 1121 3031 nihil
1134 2975 1238 3031 habere
1251 2976 1297 3030 de-

127 3046 237 3111 bemus,
249 3045 294 3097 uti
304 3045 401 3114 paullo
414 3051 481 3100 ante
493 3045 575 3100 vobis
593 3044 659 3098 dixi.
694 3045 768 3099 Nam
780 3045 806 3099 si
817 3046 848 3100 in
856 3045 986 3101 omnibus
996 3044 1193 3116 possessiones
1205 3045 1298 3099 solent

127 3169 317 3178 ———-—-.-

128 3253 175 3286 om.
188 3239 218 3286 B.
240 3262 275 3270 —
294 3231 322 3301 4)
338 3235 378 3284 lta
395 3240 420 3284 et
434 3236 501 3285 Hom
515 3235 574 3286 uod.
588 3235 692 3286 Ottobo·
736 3235 881 3298 marginalis
906 3237 999 3298 „Deest
1016 3237 1043 3286 in
1059 3235 1108 3285 al.“
1127 3237 1182 3285 heic
1199 3236 1297 3300 quidem

128 3305 218 3354 manus
241 3299 304 3370 (non
322 3298 450 3372 ὀφείλον,
472 3303 539 3368 quod
554 3303 580 3352 in
592 3309 693 3354 nostrae
736 3306 818 3354 locum
831 3319 902 3352 suum
914 3319 965 3352 non
974 3303 1040 3352 tucri
1051 3303 1174 3352 videntur.
1202 3304 1232 3351 in
1244 3305 1298 3352 Ho-

128 3373 203 3422 Hom.
216 3370 335 3421 editionis
347 3376 417 3420 textu
434 3372 565 3438 typothetae
576 3372 639 3422 male
651 3388 694 3422 ex·
737 3370 877 3431 miliarum,
898 3374 998 3419 nostrae
1011 3374 1035 3418 et
1052 3369 1156 3418 huiusce
1168 3363 1298 3434 Epitomcs

128 3433 232 3506 pressit)
254 3442 280 3488 et
301 3439 324 3487 V
348 3444 448 3488 nostrae
469 3438 553 3505 Epit,
577 3433 695 3508 ὀφειλὼς
738 3436 814 3488 Oodd.
828 3437 865 3486 nil
878 3433 1213 3496 certadesideratnr.-ll)
1227 3431 1242 3486 ὁ
1255 3437 1298 3484 ad·

128 3513 212 3557 textus
234 3507 311 3557 Hom,
330 3506 392 3567 Cot,
415 3503 537 3575 ὀφείλων
554 3507 574 3556 0
596 3511 695 3556 nostrae
740 3503 912 3554 didiexG.-
924 3500 966 3570 12)
981 3498 1052 3573 πρὸς
1063 3501 1298 3552 ταῦτααάἀ.Ηοῃι.

128 3575 199 3642 Epit.
218 3579 243 3624 et
267 3573 299 3624 al.
320 3589 359 3640 ap.
382 3575 436 3624 Cot.
458 3601 491 3608 -
514 3568 542 3640 5)
565 3570 619 3642 ἔφη
639 3574 695 3623 add.
739 3573 797 3634 XV,
810 3568 834 3627 8,
856 3577 942 3621 nostra
958 3572 1028 3655 Epit.
1047 3575 1072 3620 et
1088 3569 1120 3619 al.
1137 3585 1176 3637 ap.
1194 3569 1248 3620 Cot.
1265 3597 1300 3605 —

128 3644 204 3692 Hom.
223 3642 240 3691 l.
256 3655 291 3702 c.,
314 3646 400 3690 nostra
413 3642 482 3708 Epit.
497 3645 523 3691 et
536 3642 568 3691 sl.
584 3657 623 3708 ap.
638 3641 692 3692 Cot.
737 3636 781 3706 13)
795 3637 835 3690 ἔτι
851 3639 958 3708 μᾶλλον
973 3634 1146 3691 «destitutos
1163 3633 1235 3689 ὅλων
1252 3633 1300 3706 (sic

129 3712 244 3772 Pergunt
266 3712 295 3758 τί
311 3707 343 3760 δὲ
363 3709 437 3771 ΒΟΙ),
456 3708 540 3769 Hom,
559 3710 694 3759 Vuostrae
737 3713 762 3757 et
773 3714 858 3757 noster
869 3707 943 3758 Hom.
958 3708 1026 3770 (lod,
1045 3701 1112 3758 ὅλον
1126 3711 1209 3758 textus
1224 3707 1299 3758 Hom.

129 3777 199 3844 Epit.
213 3781 239 3826 et
250 3775 283 3826 al.
301 3791 340 3842 ap.
358 3773 412 3826 (lot.
434 3803 469 3812 -
488 3773 516 3843 6)
537 3772 694 3844 &portarat
737 3777 791 3826 Cot.
809 3780 834 3823 et
850 3780 936 3825 nostra
953 3770 1035 3842 Epit.)
1054 3793 1103 3843 μοι
1122 3778 1248 3844 φαίνεται
1268 3771 1300 3826 τὸ

129 3847 158 3906 Β,
172 3841 339 3914 ἄμφελεῐται
351 3845 381 3894 D.
395 3871 429 3880 ·-
440 3840 468 3910 7)
481 3846 526 3894 καὶ
535 3844 693 3894 adiunximus
738 3841 854 3911 πρᾶγμα
870 3844 946 3892 Hom.
957 3845 975 3892 l.
990 3859 1024 3905 c.,
1047 3847 1133 3893 nostra
1149 3845 1219 3910 Epit.
1232 3849 1256 3892 et
1268 3843 1299 3892 al.

130 3928 158 3962 ex
170 3912 247 3973 1301),
260 3912 334 3960 Hom.
347 3913 365 3962 l.
377 3927 408 3974 c,
425 3917 525 3962 nostrae
537 3911 607 3978 Epit.
620 3916 646 3960 et
661 3911 693 3960 sl.
737 3911 837 3977 spiiot.
850 3937 883 3944 -
896 3906 939 3978 14)
953 3905 1043 3962 πολλὰ
1057 3915 1115 3968 τοῖς
1127 3907 1172 3978 (τὰ
1182 3906 1300 3977 ἐσόμενα

129 3997 169 4046 ap.
187 3981 244 4030 Cot.
265 4005 299 4014 -
319 3974 346 4045 8)
366 3978 449 4031 sorim
467 3979 489 4027 D
507 3995 528 4028 c.
549 3980 573 4030 V
594 3983 693 4028 nostrae
737 3979 793 4028 add.
806 3973 893 4044 Hom.)
910 3976 1055 4046 ἑλομένοις
1069 3977 1263 4058 συγχωροῦσιν
1274 3993 1299 4040 p.

129 4048 201 4114 Epit.
219 4045 417 4112 etsl.ap.(iot.
438 4073 473 4082 -
492 4043 520 4113 9)
538 4039 699 4112 direpturi
742 4042 856 4103 ἑαυτοὺς
883 4045 1138 4112 ἔβλαψαν....την
1164 4041 1301 4109 oiqs‘luav
1406 4059 1412 4072 ·

130 4115 207 4165 Hom.
220 4114 237 4164 l.
252 4129 282 4177 a,
303 4115 322 4162 0
341 4121 441 4166 nostrae
457 4115 526 4180 Epit.
545 4110 606 4179 (ἕνα
616 4114 698 4164 —sic
742 4115 816 4164 Hom.
828 4115 887 4174 XV,
900 4111 925 4175 9,
938 4119 1024 4163 nostro
1035 4112 1105 4178 Epit.
1116 4117 1141 4160 et
1151 4111 1182 4158 al.
1193 4125 1232 4174 ap.
1246 4109 1300 4158 Cot.

131 4209 165 4218 -
177 4177 214 4248 V)
228 4187 253 4231 et
264 4183 296 4231 ul,
308 4197 347 4246 ap.
361 4183 416 4232 Cot.
434 4209 468 4220 -—
485 4177 529 4248 lo)
543 4183 627 4231 Poena
638 4197 698 4246 qua·
743 4209 775 4216 -
787 4177 831 4247 15)
843 4180 949 4250 μᾶλλον
961 4180 1011 4229 des.
1025 4180 1051 4228 iu
1061 4179 1135 4226 Hom.
1145 4178 1161 4226 l.
1172 4193 1202 4237 c.,
1216 4182 1301 4226 nostra

132 4249 217 4316 drupli
229 4250 257 4298 iu
266 4250 334 4298 furto
346 4250 458 4300 sancitur·
466 4249 563 4313 legibus
573 4249 698 4315 plurimis.
742 4249 813 4314 Epit.
826 4255 850 4297 ct
862 4248 894 4296 al.
907 4263 947 4312 op.
960 4247 1014 4297 cot.

136 4321 186 4368 ost.
203 4316 345 4367 asteriscus
358 4317 461 4368 criticus
474 4324 532 4368 anto
545 4311 698 4384 retpcnlri-
794 4317 853 4382 Cap.
872 4314 1002 4365 CXXVII.
1040 4311 1062 4376 1)
1081 4329 1132 4383 μοι
1150 4327 1197 4360 om.
1221 4314 1248 4360 Β.
1269 4337 1301 4346 -

135 4397 200 4436 σιον
211 4385 238 4434 iu
247 4384 285 4434 ed.
300 4385 456 4435 coteleriana
468 4401 489 4435 a
501 4379 568 4434 1672
580 4384 700 4434 etnotula
741 4379 769 4449 2)
782 4379 869 4435 αὐτοῦ
882 4384 908 4432 0.
921 4409 955 4417 —
971 4377 999 4448 3)
1014 4366 1096 4439 οὗτος
1110 4381 1140 4431 D.
1154 4405 1189 4414 -
1204 4373 1233 4445 4)
1247 4381 1300 4431 εἴτε
