3126 4894
582 330 737 383 armoire
754 332 898 384 sursus.
958 367 962 374 .
1262 319 1324 385 207

154 477 279 534 Simonis
290 493 378 532 manu
389 475 514 546 accepit,
527 493 561 531 ac
572 477 686 548 propria
697 476 772 532 facie
784 484 880 545 uncta,
894 477 988 534 induit
999 477 1117 536 formam
1131 479 1263 537 Simonis.
1286 481 1326 538 At

153 546 249 600 media
260 549 347 600 nocte
360 560 516 616 exsurgens
530 543 626 598 Simon
639 544 668 598 in
680 544 815 599 Iudaeam
828 545 898 618 fuga
911 563 941 600 se
954 546 1103 604 subtraxit.

222 611 388 667 CXXXVI.
410 611 470 665 Nos
488 615 598 678 autem,
615 611 663 682 qui
676 629 738 665 cum
750 611 836 667 Petro
848 630 967 681 eramus,
980 613 1115 669 contiuuo
1127 614 1328 688 interrogando

155 681 189 735 ob
206 681 388 800 voluptatem
405 683 492 748 atque
509 678 680 732 suavitatem
700 679 838 734 dictorum
855 685 945 734 totam
957 687 1071 736 noctem
1085 681 1190 762 vigiles
1201 699 1328 752 perman-

155 749 251 802 simus.
308 753 320 800 t
332 763 396 800 cum
408 745 464 800 iam
476 751 678 813 auroresceret,
690 745 792 800 Petrus
804 763 849 800 me
862 764 896 802 ac
909 747 1012 802 iratres
1023 765 1101 804 meos
1113 754 1227 804 intuens
1241 749 1327 806 dixit:

155 815 293 881 Haesito,'
304 812 374 884 quid
389 813 464 884 patri
476 818 572 866 vestro
584 813 675 866 visum
688 813 733 866 sit.
768 813 832 869 Hoc
843 814 929 870 Petro
942 815 1051 870 dicenti
1065 821 1148 888 pater
1165 816 1328 886 intervenit,

154 881 337 952 repperitque
355 897 419 934 eum
436 879 518 935 nobis
537 880 616 934 dese
634 879 804 950 loquentem.
839 881 929 946 Quem
946 901 1009 937 cum
1024 888 1196 938 maerentem
1208 884 1327 953 videret,

193 955 221 1002 st
238 947 441 1002 salutationem
459 947 496 1000 ad
514 963 544 1000 se
563 947 655 1018 ipsum
672 947 863 1020 excusandum
886 951 1029 1020 exposuit,
1051 968 1134 1021 quam
1156 950 1192 1005 ob
1213 969 1328 1008 causam

169 1017 227 1072 oris
250 1015 410 1070 dormisset.
444 1014 504 1069 Nos
528 1030 595 1068 vero
617 1030 680 1067 eum
704 1014 850 1070 intuentes
876 1017 1054 1088 expavimus,
1081 1019 1191 1072 vultum
1233 1020 1329 1074 uidem

156 1083 281 1140 Simonis
298 1081 430 1138 videntes
462 1098 561 1136 vocem
578 1085 675 1136 autem
692 1080 794 1136 Fausti
811 1084 902 1152 patris
919 1085 1180 1140 nostriaudientes.
1214 1035 1328 1142 {tcum

157 1169 220 1206 eum
232 1149 407 1223 fugeremus,
420 1120 505 1202 obstu
526 1149 569 1202 uit
580 1154 671 1219 pater,
685 1149 761 1218 quod
772 1155 831 1206 tam
843 1155 955 1206 austere
968 1169 1002 1206 ae
1014 1151 1130 1207 inimice
1140 1171 1202 1206 cum
1216 1171 1248 1208 eo
1262 1171 1328 1234 age-

156 1235 259 1272 remus.
297 1215 379 1272 Solus
396 1222 490 1270 autem
502 1168 604 1270 Betrus
621 1213 739 1270 formem
757 1217 818 1272 eius
834 1219 992 1273 naturalem
1004 1219 1078 1272 vidit
1090 1219 1227 1289 nobisque
1241 1220 1328 1276 dixit:

158 1284 214 1340 Gur
226 1289 394 1338 execrantes
411 1281 545 1354 refugitis
563 1300 580 1336 a
596 1287 675 1353 patre
692 1282 808 1338 restro?
827 1283 880 1339 Cui
896 1303 948 1339 uos
965 1302 1022 1339 una
1038 1303 1101 1340 cum
1113 1292 1202 1340 matre
1213 1304 1328 1358 respon-

158 1351 265 1405 dimus:
295 1349 391 1405 Simon
412 1350 468 1404 iate
489 1349 572 1404 nobis
590 1364 653 1403 esse
673 1350 786 1405 videtur
802 1369 901 1406 vocem
919 1351 1028 1406 babens
1048 1352 1139 1422 patris
1158 1354 1256 1407 nostri.
1291 1355 1329 1408 Et

157 1420 259 1474 Petrus
273 1417 362 1471 dixit:
380 1417 471 1472 Vobis
484 1417 598 1487 quidem
610 1433 664 1469 vox
681 1417 742 1471 eius
760 1418 927 1490 praestigiis
943 1436 1000 1474 non
1016 1425 1125 1473 mutata
1137 1419 1199 1474 sola
1211 1437 1329 1493 cognos-

160 1487 247 1553 citur3
259 1502 357 1539 verum
367 1484 459 1538 oculis
471 1485 542 1538 meis
554 1501 611 1538 nou
622 1482 773 1539 fascinatis
784 1485 881 1538 vultus
894 1502 1013 1555 quoque,
1027 1486 1119 1555 qualis
1132 1492 1187 1554 est,
1200 1495 1329 1558 apparet,

159 1554 226 1633 quia
237 1570 296 1606 non
309 1557 353 1606 est
366 1551 477 1618 Simon,
494 1552 546 1605 sed
558 1551 682 1605 Faustus
694 1557 777 1622 pater
787 1558 890 1607 vester.
925 1551 998 1606 Tum
1015 1553 1072 1606 iam
1083 1559 1193 1623 patrem
1204 1556 1330 1626 respexit

159 1637 241 1690 eique
259 1619 346 1672 dixit:
365 1618 483 1698 Ptopria
498 1619 588 1672 facies
605 1616 664 1672 illis
676 1619 706 1673 in
718 1624 748 1674 te
760 1637 817 1675 non
828 1625 960 1690 apparet,
980 1619 1031 1674 sed
1044 1618 1166 1675 Simonis
1177 1624 1330 1692 protervis-

160 1688 223 1742 simi
235 1686 319 1741 nobis
340 1703 375 1740 ue
388 1685 586 1740 inimicissimi.

193 1753 308 1834 CXXX
350 1752 373 1806 I.
391 1752 472 1807 Haec
484 1753 569 1833 I’etro
581 1753 847 1836 loquenteadvenit
856 1752 971 1833 quidam
983 1753 1075 1834 exiis,
1107 1751 1329 1834 uiAntiocbiam

159 1818 1329 1961 mittitete?’pittatiastititit¹t’.tit.⁰t,¹¹itatttriti
1389 1925 1394 1934 .

162 1957 290 2024 dedisse,
313 1973 397 2026 quam
414 1960 446 2008 ut
461 1961 490 2008 te
508 1955 638 2010 odiosum
654 1905 714 2009 iliis
730 1955 874 2022 redderet,
888 1972 1096 2036 quemmagum
1108 1957 1286 2025 nominabat,
1300 1965 1330 2014 et

179 2023 410 2095 racstigiatorem
428 2027 457 2076 et
474 2022 562 2076 caede
580 2023 670 2077 multa
685 2023 839 2094 pollutum,
855 2027 888 2076 ut
905 2040 998 2092 qums
1016 2041 1111 2078 eorum
1128 2023 1269 2080 desiderio
1281 2043 1330 2080 an·

160 2043 239 2147 belet
255 2091 303 2144 vel
320 2088 453 2145 carnibus
469 2089 528 2143 tuis
544 2089 688 2145 vescendi.
722 2089 762 2144 At
778 2107 830 2144 nos
842 2090 961 2144 multum
979 2097 1117 2145 contrata
1129 2090 1248 2147 fremere
1260 2093 1329 2148 civi-

161 2166 251 2214 tatem
263 2157 362 2212 intuiti
373 2156 512 2223 venimus,
523 2163 556 2210 ut
567 2157 765 2212 nunciaremus
776 2157 839 2212 tibi.
864 2156 921 2212 Sed
934 2163 963 2212 et
974 2157 1057 2213 homo
1068 2158 1165 2230 regius
1177 2176 1195 2214 a
1208 2158 1329 2215 Caesare

179 2225 316 2280 uaerendi
329 2223 451 2279 Simonis
469 2224 564 2296 gratia
579 2225 617 2279 ad
633 2225 797 2296 provinciae
812 2224 972 2296 praesidem
983 2225 1101 2292 missus,
1117 2226 1236 2280 audiens
1249 2228 1329 2282 illum

160 2243 230 2366 iuga
247 2294 278 2346 in
293 2291 429 2346 Iudaeam
444 2291 583 2362 petivisse
600 2292 661 2362 ipse
678 2309 789 2372 quoque
807 2291 845 2346 ad
862 2309 926 2347 eum
943 2293 1133 2363 quaerendum
1153 2293 1236 2360 abiit,
1250 2301 1282 2348 ut
1294 2313 1329 2350 ex
1405 2297 1407 2303 “

162 2359 292 2416 Caesaris
324 2375 407 2413 raeoe
428 2363 577 2491 todroeuas
590 2359 625 2413 de
638 2376 671 2414 eo
684 2365 787 2480 cgprat.

228 2427 251 2481 O
342 2426 421 2481 VII.
482 2426 566 2480 uibus
582 2426 689 2481 auditis
730 2430 808 2480 etrus
828 2424 873 2480 ad'
883 2430 993 2496 patrem
1015 2425 1101 2478 dixit:
1125 2427 1191 2496 Ipse
1213 2427 1329 2483 auribus

161 2495 220 2550 tuis
232 2494 340 2549 audisti
353 2510 388 2565 ex
400 2493 436 2547 iis
449 2494 498 2574 qui
510 2511 574 2548 cum
582 2493 808 2566 praecessissent
820 2498 959 2547 venerunt
967 2490 1123 2548 Antiochia
1134 2498 1164 2546 et
1172 2501 1330 2564 narrarunt,

108 2597 114 2606 ·
162 2561 302 2634 quomodo
316 2560 413 2615 Simon
425 2561 487 2616 illrc
498 2567 628 2615 versatus
639 2560 852 2614 multitudinem
867 2560 1002 2614 adversus
1014 2577 1059 2614 me
1070 2559 1253 2615 vehementer
1264 2579 1330 2617 con-

162 2630 273 2696 citarit,
289 2645 405 2700 magum
418 2634 448 2682 ct
460 2629 547 2683 caede
564 2629 719 2709 pollutum²
731 2628 847 2698 planum
867 2644 902 2681 ue
919 2644 953 2681 ac
965 2627 1212 2699 praestigiatorem
1223 2647 1330 2684 nuncu-

160 2715 242 2770 pans.
276 2695 337 2750 Fac
354 2713 422 2767 ergo
439 2712 511 2766 quae
526 2696 582 2750 tibi
593 2696 780 2767 praecipuam,
798 2699 827 2748 et
850 2721 855 2726 .
876 2701 987 2749 emente
998 2695 1075 2766 apud
1086 2712 1131 2750 me
1142 2695 1243 2750 relicto
1266 2715 1330 2751 cum

160 2782 247 2820 uxore
259 2769 310 2818 tua
322 2769 351 2818 et
363 2763 503 2818 Faustino
515 2781 549 2818 ac
558 2763 757 2830 Faustiniano,
770 2761 839 2818 filiis
847 2762 915 2828 tuis,
927 2762 1066 2832 praecede
1078 2780 1130 2816 nos
1138 2735 1328 2818 Antiocbiam.

161 2833 253 2886 Enmt
268 2835 364 2885 autem
382 2836 475 2886 tecum
488 2831 581 2886 etalii
593 2831 720 2901 quidam,
737 2848 807 2912 quos
824 2830 861 2884 ad
873 2829 1063 2884 adiuvandum
1075 2847 1168 2883 meum
1181 2831 1330 2886 eonsilium

161 2901 280 2954 idoneos
298 2897 452 2953 credidero.
487 2898 632 2962 Quandoi
655 2898 712 2952 itur
727 2897 811 2953 simul
835 2915 898 2953 cum
919 2896 955 2950 iis
970 2895 1141 2951 Antiochiae
1158 2898 1280 2952 versaris
1301 2906 1330 2954 et

163 2965 261 3022 Simon
293 2965 388 3020 uidem
401 2982 464 3020 esse
476 2965 592 3032 videris,
624 2917 698 3020 aiam
710 2966 845 3037 praedica
856 2964 1063 3037 poenitentiam
1075 2970 1160 3018 tuam.

231 3031 254 3088 C
359 3031 396 3085 X.
433 3033 512 3098 Quae
529 3050 592 3087 cum
603 2983 705 3088 i'etrus
719 3034 852 3088 dixisset:
872 3032 947 3100 Scio,
961 3032 1054 3104 inquit
1064 3038 1155 3104 pater,
1168 3031 1236 3102 quid
1247 3034 1330 3102 velis,

162 3117 249 3172 quare
262 3117 299 3155 ne
310 3099 431 3154 labores.
460 3101 533 3155 Nam
547 3117 630 3155 curae
642 3101 711 3154 mihi
724 3102 791 3168 erit,
805 3119 868 3156 cum
880 3101 942 3156 illic
954 3118 1071 3168 venero,
1088 3106 1121 3154 ut
1133 3099 1168 3154 de
1181 3107 1210 3156 te
1222 3101 1330 3172 loquar,

161 3185 235 3248 quae
248 3167 417 3248 annuntIare
429 3183 474 3288 mle
486 3173 628 3289 opondiin
626 3168 664 3222 Et
670 3185 737 3248 ⁸cum
745 3175 828 3238 pater
837 3168 889 3248 sub
899 3175 1012 3288 noctedm
1021 3186 1083 3249 cum
1092 3168 1138 3234 iis,
1170 3185 1221 3248 uos
1230 3169 1332 3288 Pfiim

161 3237 466 3358 eiecturi.
480 3252 576 3357 Stia
593 3236 1139 3381 atttteiffltttt.etti.
1158 3241 1332 3372 attere

161 3371 235 3425 haec
246 3369 329 3425 vobis
341 3370 497 3424 annuncio:
510 3375 596 3440 atque
608 3370 709 3436 fateor,
722 3387 766 3424 me
780 3369 875 3438 imque
886 3368 921 3421 de
929 3367 1015 3446 Petro
1024 3373 1175 3422 mentitum
1185 3383 1261 3421 esse:
1275 3386 1331 3422 non

162 3444 209 3492 est
229 3438 280 3492 ille
302 3437 450 3508 deceptor,
473 3455 527 3492 nec
546 3437 635 3493 caede
651 3437 792 3509 pollutus,
813 3451 867 3491 nec
887 3434 1102 3506 praestigiator,
1120 3450 1174 3488 nee
1190 3451 1263 3504 quae
1275 3435 1333 3490 alia

132 3611 135 3614 ¹
214 3627 275 3694 Cap?
299 3624 443 3677 CXXXVI.
491 3623 517 3693 1)
543 3627 613 3677 Idem
636 3631 674 3678 cst
697 3627 724 3677 in
773 3630 872 3676 nostrae
889 3625 974 3675 iuvent
989 3623 1064 3675 Hom.
1082 3623 1146 3688 XX,
1165 3621 1206 3675 13.
1241 3624 1334 3676 Contra

163 3695 240 3745 Hom.
257 3693 317 3756 XX,
338 3690 382 3744 12.
415 3693 446 3742 In
467 3694 538 3760 Epit.
562 3694 644 3744 nostri
667 3694 728 3745 cdd.
773 3692 975 3745 Tischendoriius
996 3691 1074 3743 edidit
1094 3687 1144 3745 τὸν
1163 3689 1221 3746 ἐκεῖ
1234 3689 1333 3758 ἐπιδη-

163 3763 230 3812 ΒΟῙ)
243 3767 269 3812 et
280 3762 338 3810 Par.
351 3756 468 3828 (pergem
482 3756 515 3812 τὸ
528 3757 577 3830 δι’)
590 3762 729 3829 eustom-
774 3756 911 3831 μήσαντα,
929 3760 1027 3812 abiecto
1040 3775 1079 3822 σε,
1093 3759 1333 3825 quatientem.

165 3842 243 3880 σατο.
256 3855 284 3868 -
302 3821 543 3897 2)ἒξειστὴκειμεν
555 3830 576 3879 0
589 3833 614 3878 et
625 3829 683 3879 Per.
694 3855 729 3865 -
774 3829 887 3894 sequitur
908 3827 1004 3894 pariter
1026 3833 1101 3893 atque
1124 3828 1152 3878 in
1175 3829 1276 3880 nostris.
1300 3854 1334 3864 —

164 3892 193 3963 3)
206 3893 239 3947 τὸ
253 3897 276 3946 V
289 3899 315 3945 et
326 3895 385 3944 Par.
398 3921 431 3930 —-
442 3889 471 3963 4)
483 3893 558 3974 μόνη
570 3911 618 3946 om.
631 3896 661 3947 Ο.
772 3891 801 3962 4)
815 3913 857 3954 τις
867 3895 958 3946 inserit
968 3895 1039 3962 Epit.
1051 3922 1085 3931 —
1100 3889 1129 3961 5)
1142 3894 1193 3945 rori
1203 3897 1335 3964 καίσαρος

218 3963 278 4030 Cap.
289 3962 447 4013 CXXXVII.
484 3958 510 4030 1)
522 3963 592 4012 Hmc
604 3961 729 4030 compleas
777 3965 807 4023 Ο,
820 3980 870 4013 non
882 3963 943 4013 item
955 3964 1012 4012 Par.

166 4030 270 4080 eandem
281 4029 413 4097 periodum
424 4029 450 4079 in
460 4030 535 4082 Hom.
546 4029 606 4093 XX,
616 4027 650 4079 13
661 4046 731 4080 man·
1111 4058 1124 4109 1
1162 4055 1169 4074 a

166 4113 228 4160 cam,
245 4102 275 4148 ut
291 4097 367 4148 etiam
378 4096 462 4146 'Iiscb
478 4097 587 4161 notavit,
609 4097 653 4163 qui
664 4097 731 4175 idem
775 4156 810 4166 -
820 4063 862 4179 2⁰⁸
881 4099 887 4112 '
905 4061 1109 4178 οὲΧΧ-ἵὲἱ-
1121 4056 1171 4186 gf
1183 4063 1288 4179 rafim
1304 4063 1334 4168 9.·

166 4165 256 4216 statuit
265 4165 356 4246 rerba:
375 4156 459 4215 οὐδὲν
470 4159 535 4216 ἄλλο
547 4179 627 4244 usque
639 4179 731 4216 ποιων
770 4131 924 4264 χεωὲῖὂεέ)
936 4144 1011 4246 ΙΨ
1058 4164 1064 4177 ’
1162 4141 1212 4190 ⁷⁷³⁹
1258 4143 1319 4180 ⁹²⁴⁰

166 4230 731 4368 fflffitbbeiffl‘offlgiiiidddcldilzm3)flrooii
828 4295 887 4362 Cap.
912 4295 1057 4346 CXXXIX.
1098 4289 1125 4360 l)
1148 4288 1242 4360 βούλει
1266 4297 1286 4347 0
1311 4303 1336 4347 et

168 4361 446 4438 ἔκεῖὲπιδημὴσαντᾶ
458 4381 489 4418 σε
499 4367 554 4419 OV.
567 4366 731 4418 Coniecturae
774 4365 832 4414 Par.
843 4389 877 4400 -
888 4357 915 4426 2)
933 4363 993 4414 Ord.
1009 4362 1061 4414 inv.
1075 4359 1145 4414 ποτὲ
1161 4361 1254 4430 φαῦλα
1270 4365 1336 4434 περὶ
